3172 5014
678 474 886 540 „as-2

242 657 401 739 bitabaot,
423 665 537 741 postea
558 666 666 726 auteur
688 662 739 722 ios
761 660 908 729 frumenti
930 658 1104 741 accipiendi
1126 659 1233 741 adepti
1255 667 1339 724 srtot.¹

241 767 293 829 lix
325 767 440 848 quibus
470 767 503 830 si
527 768 715 842 subsortitio
746 768 814 830 lieri
842 767 998 848 debebat,
1029 767 1102 848 quid
1132 771 1233 848 potuit
1265 785 1341 850 esse

145 903 171 958 ¹*
242 872 429 953 simplicius,
452 892 548 954 quam
570 873 653 954 quod
682 873 740 954 ipsi
770 891 828 939 sua
851 874 974 934 nomina
997 871 1219 953 profiterentur
1239 891 1341 954 eaquo

228 978 273 1068 in
295 981 419 1042 tabulas
442 981 643 1069 retenentur.
698 981 817 1056 Verum
840 980 902 1041 alia
925 998 1049 1062 quoque
1071 983 1200 1060 protulit
1221 978 1340 1044 Goett·

242 1085 375 1168 lingius,
399 1087 512 1168 quibus
535 1106 596 1150 non
618 1089 719 1168 solum
744 1089 944 1152 Mommsenii
961 1087 1256 1167 interpretationem
1277 1087 1340 1150 im·

242 1193 378 1275 probari,
398 1193 456 1256 sad
479 1196 572 1256 etiam
598 1193 806 1256 demonstrari
828 1203 917 1274 putot
939 1193 1020 1256 haec
1037 1193 1165 1257 tabulae
1182 1194 1340 1257 Heracle·

243 1302 330 1364 ensis
351 1311 524 1384 praecepta
554 1304 680 1366 omnino
703 1303 859 1365 Caesaris
891 1313 1035 1381 temporo
1064 1321 1125 1364 ooo
1157 1319 1232 1364 esse
1260 1317 1341 1360 con·

242 1410 371 1492 scripta.
415 1409 498 1474 Cum
512 1411 698 1488 cuimuulla
712 1412 840 1480 comitia
851 1411 941 1472 antris
951 1409 1024 1472 708.
1037 1417 1070 1470 et
1082 1409 1154 1470 709.
1165 1429 1184 1470 a
1196 1408 1343 1474 Caesare

242 1517 349 1583 habita
371 1535 446 1580 esso
468 1518 642 1580 Suetonius
664 1517 751 1580 dicat
779 1517 850 1590 (lul.
875 1517 971 1578 Caes.
994 1533 1022 1578 u.
1043 1515 1130 1596 76.).,
1161 1516 1221 1580 illis
1253 1517 1342 1580 aunis

195 1693 198 1698 ,
242 1625 326 1686 banc
347 1627 448 1706 legem
470 1608 566 1687 latam
590 1633 748 1686 essenon
772 1632 870 1703 posse
886 1633 1136 1704 argumentatur,
1159 1641 1221 1686 nec
1237 1634 1342 1691 tamen

242 1735 275 1796 in
297 1751 411 1794 annum
422 1731 496 1793 710.
510 1735 580 1792 eam
601 1729 767 1812 quadrare,
791 1710 906 1812 quippo
927 1734 958 1794 in
981 1750 1042 1812 qua
1055 1731 1177 1793 aediles
1189 1731 1344 1794 Cereales
1410 1726 1416 1738 ’

244 1857 264 1902 a
283 1838 425 1903 Caesare
447 1839 492 1901 rei
511 1837 734 1900 frumentariae
748 1839 919 1918 praepositi
932 1858 993 1904 noo
1010 1849 1343 1918 commemorarentur,

242 1947 351 2029 itaque
378 1951 505 2014 omuino
535 1946 576 2008 ad
605 1946 698 2008 lruius
721 1949 782 2008 viri
803 1946 946 2007 instituta
968 1965 1039 2008 emo
1062 1964 1124 2008 non
1146 1946 1343 2010 referendam

245 2075 331 2118 esso.
372 2054 433 2118 Cui
454 2055 682 2118 ratiocinationi
703 2055 860 2125 assentire
880 2055 967 2116 nullo
989 2055 1082 2116 modo
1097 2073 1236 2136 possum.
1259 2057 1344 2118 Nam
1384 2087 1388 2094 -

244 2168 338 2248 leges
366 2167 483 2228 multas
510 2165 560 2226 his
586 2165 665 2246 ipsis
693 2165 784 2228 annis
806 2164 1027 2238 absortus.
1049 2185 1067 2227 a
1093 2163 1235 2230 Caesare
1262 2169 1347 2230 latas

246 2291 323 2336 asse
344 2275 405 2334 Dio
418 2274 445 2348 ¹)
468 2271 587 2335 diserto
608 2270 721 2354 tradit,
754 2290 857 2353 oeque
878 2272 949 2353 ipse
971 2271 1189 2354 Goettlingius
1208 2274 1250 2338 de
1270 2277 1345 2356 lege

245 2382 324 2444 luiia
345 2381 521 2462 municipali
543 2381 614 2442 anni
637 2380 710 2442 700.
733 2379 855 2443 dubitat
877 2379 913 2452 (l.
935 2380 955 2442 l.
976 2401 1006 2462 p.
1026 2381 1117 2458 bb),
1140 2381 1247 2463 itaque
1270 2381 1343 2444 mibi

244 2490 302 2550 vix
323 2487 504 2568 ambiguum
527 2485 651 2548 videtur
666 2485 813 2576 Suetonii
834 2486 935 2550 verba
956 2485 996 2556 da
1015 2486 1152 2550 comitiis
1171 2488 1343 2569 magistra·

170 2607 174 2612 '
245 2601 334 2656 tuum
359 2593 567 2658 creandorum
590 2612 690 2658 causa
712 2593 828 2656 habitis
849 2593 1039 2674 accipienda
1055 2611 1143 2674 esse,
1160 2613 1229 2656 cum
1247 2598 1344 2664 etiam

242 2701 276 2762 in
298 2702 359 2781 eis,
377 2718 457 2783 quae
471 2701 684 2786 ,antecedunt
707 2699 844 2780 scriptor
865 2697 905 2761 de
927 2699 1074 2762 creandis
1095 2708 1217 2764 tanturn
1238 2703 1346 2784 magi,

244 2811 398 2874 stratibus
418 2809 545 2872 locutus
562 2805 656 2884 ¹sit2).

329 2919 471 2982 Prorsus
493 2926 599 2982 tamen
622 2916 816 2998 probandum
840 2917 915 2982 mibi
941 2917 1088 3002 videtur,
1116 2916 1200 3002 qood
1227 2917 1349 2986 Goett-

245 3025 364 3108 litigius
391 3025 431 3091 de
459 3034 535 3088 nota
565 3022 631 3089 vl.
660 3027 713 3088 lio.
744 3028 773 3087 4.
803 3040 932 3088 nostrae
963 3026 1091 3088 tabulae
1119 3026 1212 3106 dicit,
1250 3044 1345 3107 quam

246 3131 377 3194 uiduam
409 3134 558 3214 pupillam
590 3132 773 3213 significare
805 3139 893 3194 recte
928 3131 1008 3192 vidit
1034 3132 1071 3204 (l.
1095 3131 1113 3192 l.
1144 3152 1174 3211 p.
1195 3131 1246 3194 63.
1266 3133 1345 3206 ct.)

246 3239 320 3318 Qua
339 3259 375 3300 re
397 3258 459 3301 oon
481 3241 617 3320 paullum
632 3239 832 3303 'adiuvamur
859 3237 901 3299 ad
932 3238 1050 3300 clarius
1080 3239 1346 3319 perspiciendum,
1395 3232 1397 3236 ’

246 3347 372 3430 quinam
399 3347 548 3410 frumeuti
573 3348 749 3429 accipiendi
778 3348 828 3412 ins
854 3348 907 3410 illo
937 3357 1081 3427 tempore
1103 3347 1288 3424 habuerint,
1315 3347 1346 3412 id

208 3435 210 3439 ¹
246 3454 330 3536 qnod
362 3454 403 3518 ad
435 3464 525 3516 recte
557 3453 756 3518 iudicandam
790 3454 892 3536 piebis
927 3454 1068 3516 urbanae
1100 3453 1345 3534 magnitudinem

245 3563 355 3644 magni
377 3563 526 3624 momenti
550 3572 612 3626 est.
660 3565 705 3626 Et
733 3562 807 3624 illud
829 3561 955 3645 quidem
980 3580 1066 3624 nunc
1087 3563 1216 3625 tabulae
1237 3562 1346 3626 Hera·

246 3667 395 3730 cleeuses
423 3677 532 3748 aperte
564 3667 781 3731 demonstrant
812 3688 885 3744 non,
907 3678 1015 3750 patras
1048 3668 1188 3732 familias
1211 3678 1347 3747 tantum,

245 3861 595 3878 Ἥ

265 3981 292 4046 1)
310 3981 410 4034 xhlll.
427 3983 484 4036 2b.:
503 3987 599 4034 »rubro
617 4001 645 4034 rs
663 3979 716 4050 ἅμα
733 3982 872 4052 ῑπρᾶττετο
889 3987 930 4036 καὶ
946 3983 1100 4052 trapetum
1116 3983 1224 4038 noiidur
1316 3966 1322 3996 γ’

266 4078 296 4137 2)
314 4078 450 4128 »Tertium
473 4082 648 4143 etquattuor
673 4081 845 4131 consulatum
870 4079 951 4131 titulo
976 4081 1055 4131 tenus
1079 4079 1175 4145 gessit,
1202 4080 1347 4130 contentus

314 4168 464 4218 dictaturae
481 4173 613 4232 potestate
630 4195 663 4210 --
681 4176 762 4233 atnoe
779 4174 892 4233 utroque
909 4179 982 4220 anon
1000 4169 1077 4220 binos
1099 4167 1228 4218 consulas
1244 4167 1348 4218 substi-

316 4257 368 4308 tuit
386 4258 434 4308 sibl
452 4258 478 4308 iu
498 4265 592 4312 toruos
609 4261 772 4324 nouissimos
792 4274 913 4325 menses,
937 4261 977 4310 ita
1000 4263 1029 4310 ut
1051 4260 1137 4308 madio
1159 4263 1279 4320 tempora
1296 4269 1347 4309 uo·

318 4350 393 4404 mitia
409 4352 486 4404 nulla
501 4353 624 4406 babuerit
639 4359 732 4418 prater
748 4354 916 4405 tribunorum
933 4358 960 4404 et
976 4352 1100 4404 aedilium
1119 4351 1234 4415 plebis«
