3172 5014
726 501 936 566 ..po-

273 686 461 778 praesertim
490 685 674 766 convaluit,
706 701 779 746 cum
808 681 898 746 finito
919 681 1032 744 italico
1054 681 1136 744 bello
1160 699 1271 745 omnes
1292 681 1374 745 socii

275 800 434 863 civitatem
457 795 671 876 accepissent,
692 795 739 854 ita
765 801 801 854 ut
822 791 977 854 restitutis
1002 792 1075 874 iege
1091 790 1240 853 'i'erentia
1256 789 1373 852 Cassia

272 901 570 994 frumentationibus
599 902 639 964 ab
668 919 751 964 anno
772 901 844 964 684.
876 917 979 980 usqne
1008 899 1048 960 ad
1072 918 1101 959 a.
1122 899 1196 962 tus
1224 915 1373 960 numerus
1465 941 1468 950 ,

271 1016 462 1077 frumentum
494 1013 649 1091 pubiicum
679 1009 903 1092 accipientium
933 1010 1143 1092 ascxagiuta
1167 1009 1301 1070 millibus
1322 1013 1372 1085 (v.

270 1141 300 1186 s.
320 1142 352 1205 p.
378 1122 442 1194 tn)
464 1119 505 1182 ad
527 1127 668 1182 trecenta
692 1117 802 1199 viginti
824 1117 919 1178 miliia
940 1127 1101 1179 cresceret
1111 1114 1140 1191 ¹)
1170 1118 1280 1190 (Suet.
1317 1117 1375 1178 lui.

270 1231 368 1295 Caes.
383 1231 459 1298 dl).
502 1228 614 1306 itaque
636 1243 728 1286 oemo
753 1223 881 1284 miretur
902 1225 1104 1303 scriptorum,
1127 1227 1181 1304 qui
1205 1224 1266 1285 boc
1288 1235 1371 1285 tem·

270 1356 347 1418 pore
359 1336 522 1412 vixerunt,
543 1330 582 1393 de
603 1331 666 1391 irco
687 1348 721 1390 ru
743 1327 955 1409 querimonias
966 1322 1014 1407 ²),
1038 1345 1113 1390 cum
1136 1330 1231 1391 etiarn
1255 1333 1372 1412 Augus·

272 1454 363 1522 stus,
386 1442 439 1523 qni
458 1444 530 1521 lpse
560 1438 708 1518 „pellexit
733 1454 857 1498 antrona
878 1431 1094 1516 popuinm“³),
1114 1435 1235 1500 dixisse
1257 1438 1370 1518 fertur,

267 1570 306 1614 se
327 1549 492 1612 consilium
515 1549 641 1627 cepisse
663 1546 692 1606 in
714 1552 902 1624 perpetuum
931 1544 1075 1607 abolendi
1094 1545 1367 1621 frumentationes,

272 1656 377 1738 „quod
409 1674 517 1719 earum
552 1654 668 1716 fiducia
699 1655 823 1720 cultura
853 1672 1002 1734 agrorum
1035 1658 1196 1719 cessaret“
1219 1656 1370 1727 (Sueten.

268 1762 387 1825 Octav.
398 1760 478 1832 tn).
501 1757 568 1822 Sed
580 1759 637 1820 vix
648 1765 768 1820 tautum
784 1757 857 1820 inde
869 1761 955 1839 cepit
975 1759 1195 1824 detrimentum
1217 1779 1369 1842 agrorum

266 1872 412 1950 cultura,
443 1877 593 1949 quantum
625 1874 693 1927 tota
720 1866 901 1946 respublica
930 1886 973 1928 ex
1001 1866 1061 1930 hac
1082 1867 1176 1948 plebe
1199 1868 1317 1930 urbana
1337 1872 1369 1929 iu

267 1978 339 2041 dies
362 1981 539 2036 arescente.
588 1972 674 2034 Nam
708 1991 770 2033 noo
798 1973 902 2034 solum
936 1992 1095 2054 pauperes
1124 1976 1214 2038 cives
1236 1995 1278 2036 ex
1299 1975 1369 2038 aliis

265 2086 362 2146 terris
384 2081 519 2143 ilonram
541 2079 762 2160 largitionibus
783 2079 1008 2160 trahebantur,
1038 2082 1097 2145 sed
1120 2083 1214 2144 ctiam
1238 2085 1326 2145 servi
1347 2103 1368 2146 a

267 2188 401 2252 dominis
440 2188 625 2268 frequentes
659 2185 976 2265 manumittebantur,
1025 2195 1059 2248 ut
1088 2188 1367 2254 frumentationum
1418 2191 1421 2196 '

266 2296 460 2376 publicarum
483 2293 654 2374 participes
677 2291 834 2363 derent⁴).
889 2290 1051 2371 Quantum
1074 2303 1179 2356 antem
1201 2298 1369 2360 contulerit

283 2501 311 2559 i)
328 2497 404 2552 Haud
422 2499 512 2549 eaden
532 2495 639 2549 ratione
654 2495 727 2547 aucti
745 2509 806 2548 esse
825 2496 949 2550 videntur
964 2505 1088 2564 sumptus
1111 2501 1138 2552 in
1161 2504 1294 2566 publicam
1312 2517 1366 2556 an-

331 2606 418 2642 nonae
442 2604 534 2642 curem
559 2589 637 2641 iacti.
678 2587 729 2655 Qui
753 2603 814 2640 cunr
836 2592 888 2640 ianr
913 2604 985 2642 anno
1003 2589 1061 2644 oei.
1089 2595 1208 2644 centiens
1230 2602 1321 2646 essent
1339 2599 1365 2647 et

330 2685 433 2735 viciens
451 2684 510 2733 iere
527 2683 677 2732 sestertium
693 2680 800 2741 (cicer.
818 2682 846 2732 in
863 2683 943 2734 Verr.
963 2682 1011 2733 iii.
1031 2685 1072 2736 70.
1092 2692 1120 2736 et
1131 2685 1206 2736 iiuirn
1218 2687 1236 2736 i.
1247 2689 1266 2736 i.
1278 2687 1365 2746 tutti.)

269 2765 273 2770 ’
332 2779 394 2838 post
410 2779 523 2825 senatus
541 2775 695 2825 consultum
713 2775 871 2825 Catonieum
889 2777 1002 2826 fuerunt
1020 2778 1159 2828 tricenties
1169 2778 1219 2840 (cf.
1228 2794 1251 2829 s.
1261 2794 1287 2842 p.
1299 2778 1364 2846 tn),

334 2865 450 2927 Pompeii
469 2872 558 2914 autem
577 2865 749 2924 praefectura
767 2865 988 2928 quadringenties
1005 2867 1171 2916 sestertium.
1199 2869 1256 2917 iioc
1273 2871 1365 2920 nescio

332 2969 367 3010 an
385 2969 417 3006 eo
436 2954 621 3017 explicandum
639 2954 684 3017 sit,
703 2957 773 3016 quod
788 2967 848 3004 curn
858 2969 892 3006 ex
904 2957 966 3018 iege
975 2955 1104 3006 Terentia
1113 2970 1191 3008 corne
1201 2959 1365 3010 trumentum

326 3049 362 3098 ad
379 3050 428 3098 bas
448 3047 608 3112 largitiones
626 3053 777 3109 emeretur,
803 3053 899 3107 postea
921 3049 1049 3097 decumae
1072 3060 1173 3112 anagnu
1191 3057 1319 3112 exparte
1337 3051 1363 3100 iu

329 3141 399 3190 nuuc
416 3152 492 3189 usum
510 3138 731 3196 conterebantur.

279 3230 309 3297 2)
328 3229 444 3280 Sallust.
469 3226 531 3279 Gal.
548 3227 607 3278 37.e
627 3253 661 3264 -
682 3227 826 3278 »iuventus
848 3243 916 3294 quae
941 3230 968 3279 in
991 3231 1066 3295 agris
1090 3245 1215 3284 manuum
1238 3239 1363 3288 mercede

269 3303 274 3310 ¹
329 3320 444 3381 inopiam
468 3318 644 3380 toleraverat,
669 3317 782 3380 privatis
801 3326 883 3382 atque
910 3320 1022 3381 publicis
1045 3321 1234 3384 largitionibus
1263 3327 1363 3390 excita,

327 3409 456 3458 urbanum
475 3406 558 3456 otium
576 3405 683 3466 ingrato
701 3406 790 3456 labori
809 3408 1005 3468 praetulerat«
1024 3410 1062 3458 cf.
1080 3409 1170 3460 Varro
1189 3413 1222 3460 de
1240 3426 1271 3462 re
1289 3421 1357 3464 rust.

329 3496 364 3548 il.
383 3498 423 3549 3.:
442 3493 546 3562 »igitur
564 3497 636 3558 quod
654 3508 725 3546 nunc
742 3496 816 3546 intra
833 3509 936 3547 muron
956 3497 1013 3547 iere
1037 3509 1130 3560 putres
1153 3499 1274 3554 familiae
1296 3517 1362 3555 cor-

329 3594 473 3653 repserunt
496 3587 598 3638 relictis
621 3586 694 3636 laice
717 3592 744 3636 et
765 3595 859 3636 aratro
877 3591 905 3636 et
922 3599 1016 3640 uranus
1035 3603 1145 3642 movere
1163 3595 1316 3646 maluerunt
1332 3597 1361 3648 in

327 3683 433 3733 theatro
453 3685 480 3729 et
496 3679 522 3729 in
541 3679 633 3743 circo,
656 3690 735 3742 quam
759 3679 787 3728 iu
804 3679 943 3743 segetibus
961 3692 994 3729 ac
1012 3680 1119 3742 vinetis,
1138 3685 1299 3736 trumentum
1317 3689 1361 3738 le·

327 3784 430 3835 caurus,
449 3770 493 3833 qui
510 3770 588 3820 nobis
605 3771 712 3834 avebat,
731 3769 776 3834 qui
793 3771 878 3820 sueri
897 3771 991 3821 damus
1009 3786 1043 3822 ex
1056 3773 1153 3824 Africa
1169 3775 1358 3830 sesmereia«

325 3861 474 3925 Appiano.
493 3872 519 3910 c.
538 3857 573 3909 ll.
594 3859 650 3913 120.

268 3956 308 4019 Ι3)
326 3955 411 4006 Tacit.
421 3956 492 4003 Ano.
504 3949 524 4005 l.
533 3951 558 4004 2.
578 3964 647 4015 quae
665 3954 751 4004 verba
767 3966 906 4017 perperam
922 3954 1111 4010 Mommsenius
1128 3961 1160 4010 de
1178 3959 1231 4014 lul
1239 3958 1358 4014 Caesam

326 4047 440 4108 accepit.

274 4135 304 4204 t)
322 4135 440 4198 Dionys.
458 4136 520 4188 ilai.
538 4133 572 4186 N.
591 4149 615 4187 c.
635 4133 693 4188 at:
728 4134 770 4186 »ei
787 4133 816 4186 tt
834 4135 1099 4205 (manumittuntur),
1113 4140 1157 4192 ire
1174 4139 1221 4216 rob
1238 4142 1358 4210 innectere
1441 4195 1444 4201 .

323 4216 457 4286 διδομένον
474 4225 545 4272 σῖτον
563 4217 737 4286 λαμβᾶνοντες
760 4224 801 4271 καὶ
818 4223 841 4270 ei
857 4241 893 4280 τις
910 4221 968 4288 ἄλλη
985 4221 1054 4293 nepai
1071 4227 1121 4276 τῶν
1137 4221 1281 4298 ἧγουμεήων
1298 4233 1356 4298 ylp-

323 4323 392 4354 reare
409 4309 460 4360 τοῖς
474 4299 573 4371 ἆπόροις
591 4308 641 4354 τῶν
658 4307 768 4355 πολιτῶν
784 4307 971 4374 φιλανθρωπία,
993 4309 1081 4374 φέρωσι
1104 4313 1155 4366 τοῖς
1178 4306 1295 4362 δεδωκόσι
1312 4307 1358 4376 τήν

323 4385 480 4455 ἓλευθερίανα
499 4384 535 4438 of.
555 4386 608 4441 Diti
625 4388 703 4439 Gilu-
722 4387 861 4441 XXXIX.
882 4385 922 4448 14.
1152 4389 1154 4394 ’
