3172 5014
661 517 869 581 ...19-

226 717 357 783 aarnpo,
390 709 528 763 exactus
551 701 653 764 bostis
674 701 778 763 mari‘·
796 707 860 763 oto.
882 700 1060 782 (Panegyr.
1082 716 1111 764 c.
1131 699 1210 778 dil).
1253 702 1323 768 co·

227 820 329 872 terum
351 819 440 872 recte
454 809 515 870 iarn
533 809 722 872 observavit
737 807 969 871 Mommsenius
989 806 1020 869 in
1041 808 1236 889 publicarum
1259 814 1325 875 lar*

227 920 379 1000 gitionum
410 917 617 998 dispositione
645 913 789 995 Pompeii
818 912 1127 994 praefectorunitrit
1156 935 1230 978 ease
1252 938 1327 980 nru-

227 1035 340 1090 tatum.
382 1027 541 1106 Quantum
564 1033 671 1088 autern
700 1024 763 1086 boc
796 1031 1037 1102 ternporeoura
1058 1039 1203 1088 annonae
1222 1027 1328 1090 ambi*

227 1145 296 1198 turn
319 1135 479 1213 habuerit,
508 1135 571 1195 iam
593 1130 667 1197 inde
689 1131 849 1211 videmus,
874 1129 959 1212 quod
978 1131 1132 1213 Pompeio
1153 1150 1210 1214 pro
1232 1133 1327 1198 adiu·

229 1243 351 1304 toribus
382 1240 561 1324 quindecim
593 1247 762 1303 senatores
793 1239 858 1301 dati
866 1240 893 1312 ¹¹)
923 1241 1097 1320 statimque
1129 1257 1172 1302 ex
1203 1241 1327 1306 aerario

228 1350 491 1432 quadringenties
512 1348 694 1410 sestertium
715 1346 852 1408 deorum
867 1341 1000 1428 suut2),
1019 1357 1118 1428 utque
1139 1348 1234 1412 etism
1247 1351 1328 1414 cla·-
1397 1347 1399 1350 ’
1443 1345 1446 1350 ’

230 1458 297 1520 rius
321 1457 383 1543 boc
404 1455 648 1537 perspiciemus,
670 1458 700 1517 si
716 1472 807 1537 ,quoe
828 1455 861 1518 ia
881 1455 1059 1536 provinciis
1080 1456 1168 1530 buno
1185 1458 1216 1520 in
1232 1457 1327 1524 linem

117 1560 119 1563 ’
229 1565 366 1628 Romani
387 1563 611 1626 constituerint
630 1562 893 1626 exanimabiruus.
944 1609 947 1614 ,

230 1725 232 1730 ,
312 1673 492 1752 Antequam
519 1678 627 1733 autern
655 1670 697 1732 ad
727 1670 790 1732 alia
816 1683 1026 1758 transeamus,
1047 1692 1167 1754 operas
1192 1679 1329 1756 pretium
1413 1747 1415 1756 Α

227 1777 287 1840 erit
308 1777 448 1840 breviter
469 1777 645 1859 explorare,
669 1785 789 1858 quante
811 1779 895 1840 male
917 1785 951 1840 et
972 1777 1096 1842 Romae
1118 1788 1152 1843 et
1171 1789 1240 1844 tota
1259 1783 1330 1848 iere
1436 1827 1438 1832 ·

228 1890 261 1948 in
290 1887 383 1947 ltalia
412 1885 519 1946 ultimo
547 1883 667 1946 liberae
694 1885 888 1964 reipublicae
914 1886 1047 1948 soeculo
1077 1907 1097 1950 e
1125 1892 1251 1970 mugnis
1280 1891 1331 1955 bis

228 1993 526 2056 frumentationibus
550 1997 619 2067 orte
640 1989 712 2050 siut.
763 1991 805 2050 nt
828 1989 903 2052 illud
929 1991 1140 2072 quidem-iam
1161 2013 1258 2078 supra
1279 2001 1332 2062 nia

228 2100 469 2163 demonstrasse
495 2108 588 2180 puto,
620 2098 853 2179 provinciaram
884 2097 1150 2165 subvectionibus
1181 2105 1331 2168 frumenti

229 2209 384 2270 cuborum
413 2208 443 2268 in
472 2207 590 2268 italicis
620 2207 806 2286 praesertim
834 2210 866 2267 in
895 2208 963 2268 urbi
991 2208 1212 2275 adiacentibus
1241 2215 1331 2296 agris

228 2314 420 2376 deminutam
447 2329 532 2374 esse.
582 2311 651 2375 Sed
678 2313 774 2374 multo
805 2313 899 2374 etiam
920 2315 1024 2376 maius
1047 2317 1266 2384 detrimentum
1291 2337 1331 2386 ea

228 2421 349 2500 ceperit
370 2400 509 2500 oportet,
532 2435 605 2479 curn
627 2417 751 2478 llornae
773 2416 926 2479 vilissimo
950 2419 1051 2499 pretio
1070 2420 1260 2486 frumentum
1279 2425 1332 2486 di·
1367 2444 1374 2456 ·

227 2530 439 2589 atribueretur
458 2529 755 2607 provinciarumque
777 2525 962 2588 collationes
985 2527 1107 2590 indies
1133 2543 1331 2615 crescerent,

228 2625 332 2717 ne'q'ue
359 2632 491 2716 publicis
521 2642 641 2695 tantum
665 2627 886 2712 largitionibus
908 2629 994 2712 plebi
1014 2635 1121 2697 vietus
1142 2633 1333 2719 suppedita-

229 2753 331 2822 retur,
353 2740 411 2802 sed
435 2740 623 2800 creberrime
646 2741 741 2800 etiarn
764 2739 879 2818 privati
901 2750 933 2799 et
955 2740 1147 2804 frumentum
1174 2755 1208 2808 ct
1228 2766 1332 2825 pecu·
1441 2769 1443 2772 ·

229 2854 314 2913 niarn
337 2851 464 2912 civibus
492 2850 735 2931 largirentnr⁸).
784 2850 834 2910 lte
864 2848 984 2913 iactum
1015 2860 1087 2934 est,
1117 2863 1150 2918 ut
1178 2856 1240 2931 iam
1270 2877 1333 2922 non

229 2959 333 3020 solurn
356 2957 481 3042 cultura
501 2954 651 3018 frumenti
675 2965 818 3016 cessaret
826 2955 869 3033 t),
890 2953 949 3016 sed
970 2957 1158 3037 frequentes
1169 2963 1227 3044 ipsi
1238 2969 1334 3044 agri·

228 3065 320 3128 coloe
342 3081 441 3146 agros
464 3063 661 3143 desererent,
685 3079 787 3142 seque
810 3063 839 3123 in
862 3064 971 3124 urbem
993 3067 1195 3150 conferrent,
1225 3073 1277 3134 ubi
1300 3083 1334 3136 et

230 3168 450 3251 largitionibus
472 3175 506 3226 et
528 3164 668 3226 venditis
689 3165 867 3247 suffragiis,
890 3167 1061 3233 dummodo
1083 3174 1246 3238 civitatem
1260 3179 1332 3241 lio·

231 3293 356 3338 marram
371 3272 586 3355 possiderent,
609 3271 713 3348 facile,
734 3288 817 3352 quoe
836 3273 877 3335 ad
899 3275 1072 3338 vivendum
1092 3279 1140 3342 eis
1162 3292 1252 3351 eraut
1271 3303 1333 3351 ne-

231 3381 381 3452 cessaria,
405 3377 466 3438 sibi
487 3393 674 3457 comparare
697 3385 851 3456 poterant
897 3375 990 3456 Quae
1012 3400 1113 3464 prava
1136 3391 1332 3456 consuetudo

241 3543 576 3564 W*

250 3641 279 3700 l)
299 3637 354 3692 cic.
373 3642 416 3689 ad.
429 3641 493 3690 'litt
512 3635 560 3688 lv:
579 3639 612 3702 1.,
631 3647 689 3688 tum
707 3651 760 3702 quo
781 3647 836 3687 non
854 3634 988 3687 consentit
1005 3633 1153 3702 Appianas,
1172 3633 1219 3700 qni
1236 3627 1268 3686 dt
1286 3634 1331 3685 vi·

298 3731 367 3796 giuti
385 3731 555 3781 senatoribus
573 3729 703 3793 loquitur·
720 3732 747 3781 d.
764 3731 829 3782 bell.
847 3743 870 3782 c.
890 3726 925 3780 ll.
947 3729 986 3784 18.

247 3822 277 3888 2)
297 3819 352 3872 Cic.
372 3825 406 3872 ad
424 3821 549 3889 Quintum
568 3824 647 3875 fratr.
666 3820 703 3878 11.
720 3823 746 3876 5.

217 3901 221 3908 ’
246 3912 280 3978 3)
299 3913 369 3963 Sall.
388 3911 448 3964 Cat.
458 3912 501 3964 37.
521 3912 577 3963 Clo.
588 3913 703 3964 inVerr.
715 3910 764 3962 111.
777 3911 887 3966 92.2r5.
906 3913 940 3962 de
957 3911 1031 3962 uilio.
1051 3906 1140 3964 11.17.
1157 3905 1225 3961 Plln.
1236 3907 1297 3962 XV.
1309 3917 1334 3964 1.

133 4017 134 4022 ¹
246 4003 280 4070 b)
298 4001 427 4069 Quoniam
446 4003 650 4054 frumentorium
670 4003 760 4055 rnrius
778 4004 805 4053 in
825 4001 905 4054 ltalia
922 4001 1091 4068 colebantur,
1109 4015 1141 4053 eo
1162 4003 1248 4066 magis
1266 4012 1332 4064 pro-

298 4093 417 4154 spexisse
442 4093 548 4142 videtur
570 4100 682 4144 senatus
705 4095 796 4143 vitium
822 4097 850 4143 et
868 4093 990 4142 olearum
1008 4094 1133 4144 culturae
1150 4089 1205 4142 (iio.
1226 4089 1252 4142 d.
1271 4104 1330 4154 rep.

301 4177 350 4230 lll.
367 4179 410 4234 ib:
427 4177 502 4230 »Nos
520 4193 585 4231 vero
597 4181 870 4243 iustissimibomiues,
880 4182 925 4243 qni
935 4179 1128 4244 Transalpinas
1137 4183 1234 4244 gentes
1244 4180 1332 4231 oleam
1403 4217 1405 4220 -

301 4271 329 4321 et
345 4271 429 4321 vitem
438 4283 529 4324 serere
538 4283 594 4324 non
611 4272 733 4336 sinimus,
749 4285 802 4336 quo
820 4271 905 4336 pluris
913 4269 1074 4330 sintdostra
1081 4271 1193 4341 oliveta,
1201 4275 1331 4323 nostrae·

302 4362 538 4428 quevineaerr.-,..
635 4412 637 4416 .
688 4411 690 4416 .
1031 4355 1033 4360 ’
