3172 5014
264 681 327 744 qne
358 679 415 744 per
443 677 562 726 annum
592 657 660 722 iere
690 655 900 742 quadraginta
924 671 1003 732 'octo
1036 661 1161 736 modion
1191 667 1261 744 (irs,
1281 669 1364 735 merl.
1444 727 1446 732 .

263 772 383 848 lierni.)
407 770 628 835 consensisse
649 770 749 835 sumis
766 771 805 847 ¹),
831 771 957 835 circiter
977 773 1122 854 amnuo
1133 779 1278 844 homines
1298 789 1364 844 tum

264 882 389 946 Romae
411 880 583 945 vixissent.
614 878 681 944 Sed
704 881 843 944 vidimus
863 899 963 964 supra
983 888 1149 950 nonnullos
1170 907 1273 954 annos
1291 898 1366 970 post

262 987 406 1067 Pompeii
441 986 655 1066 praiecturam
685 983 830 1059 320,000
860 969 952 1050 cives¹
976 991 1140 1056 Romanos
1175 994 1365 1058 trumentum

263 1094 420 1176 publicum
449 1091 640 1174 accepisse,
663 1093 779 1175 quibus
799 1095 828 1157 si
852 1094 1012 1160 addideris
1034 1099 1181 1178 feminas,
1214 1102 1365 1182 intentes,

263 1219 394 1282 servos,
426 1204 524 1266 multo
547 1207 696 1268 maiorem
719 1222 887 1274 numerum
908 1206 1080 1270 incolarum
1103 1226 1197 1290 quam
1214 1209 1366 1282 uuonan

264 1309 417 1390 accipies.
459 1311 573 1390 ltaque
597 1307 683 1370 bend
703 1312 774 1372 scio
796 1327 836 1372 an
861 1311 982 1374 Lucani
1006 1313 1191 1394 scholiasta,
1213 1316 1264 1398 qui
1285 1333 1365 1380 sae-

265 1416 338 1478 culo
359 1415 486 1480 demum
510 1414 635 1481 decimo
658 1419 765 1499 quinto
784 1435 814 1498 p.
831 1415 870 1480 C.
892 1418 1023 1498 view),
1037 1437 1200 1482 numerum
1221 1424 1365 1504 esorip-

265 1533 335 1588 tore
357 1523 461 1607 aliquo
484 1523 636 1596 hauserit,
657 1523 710 1604 qui
733 1521 774 1588 de
795 1543 916 1588 canone
930 1524 1134 1590 frumentario
1150 1528 1247 1607 urbis,
1262 1528 1365 1611 qualis
1406 1540 1413 1548 '

265 1629 492 1710 posterioribus
518 1630 713 1710 temporibus
735 1631 928 1692 constitutus
951 1641 1029 1712 crat,
1051 1632 1237 1697 disserebat.
1271 1635 1366 1700 Hunc

265 1736 347 1800 anim
375 1752 528 1796 canonem
557 1752 613 1815 per
642 1735 787 1816 singulos
809 1733 878 1794 dies
899 1743 1063 1818 octogena
1085 1736 1153 1798 fere
1174 1740 1270 1802 millia
1291 1759 1365 1802 mo-

265 1841 350 1906 dium
373 1838 560 1923 explevisse
581 1849 614 1902 et
635 1860 677 1904 ex
699 1841 781 1904 Aelii
802 1841 951 1922 Spartani
969 1843 1045 1904 loeo
1066 1861 1163 1924 supra
1182 1845 1314 1928 ,laudato
1329 1857 1362 1911 et

262 1938 338 2011 inde
365 1947 475 2030 colligi
496 1948 586 2038 licet,
608 1948 694 2029 quod
715 1950 851 2012 eundem
875 1969 1007 2030 prorsus
1029 1971 1191 2017 numerum
1214 1953 1365 2016 frumenti

262 2056 496 2120 Constantinus
543 2054 762 2121 destinaverat
790 2047 893 2121 ¹urbis
916 2059 1211 2142 Constantinopolis
1242 2042 1363 2146 usui⁸)l,

264 2164 355 2228 cuius
387 2163 480 2246 leges
502 2171 535 2227 et
562 2163 702 2225 instituta
725 2162 766 2225 ad
789 2182 947 2229 summam
975 2166 1190 2242 Rornanorum
1217 2171 1364 2235 similitu·

262 2269 366 2335 dinem
388 2289 458 2332 eum
481 2253 682 2352 disposuisse
711 2253 902 2356 constant).
952 2273 1035 2354 Quin
1058 2283 1163 2336 autem
1186 2274 1215 2336 id
1240 2285 1363 2343 tautum

260 2377 450 2438 frumentum
476 2394 577 2440 canon
600 2375 687 2438 urbis
708 2370 904 2440 nominatum
923 2380 976 2457 sit,
993 2379 1076 2460 quod
1097 2381 1363 2465 publicosumptu
1468 2445 1470 2448 .

261 2481 526 2564 suppeditabatur
575 2482 670 2558 urbi,
718 2503 810 2544 nemo
851 2485 956 2566 quoad
994 2487 1094 2550 sciam
1126 2488 1285 2564 dubitavit
1317 2491 1363 2564 ⁵).

260 2592 328 2652 lam
359 2608 438 2652 vero
470 2598 597 2670 praeter
630 2590 778 2670 publicos
813 2602 1026 2674 commeatus,
1046 2613 1200 2676 *magnae
1235 2615 1364 2680 semper

260 2697 409 2764 immenti
442 2698 554 2779 copiae
582 2715 602 2758 a
637 2695 890 2778 negotiatoribus
930 2698 1065 2762 Romam
1094 2712 1170 2766 sunt
1203 2703 1363 2785 invectae.

263 2806 326 2885 Cui
355 2805 563 2887 negotiationi
590 2806 776 2888 largitiones
812 2805 937 2888 quidam
964 2815 997 2870 et
1029 2807 1230 2872 venditiones
1257 2811 1363 2890 publi·

261 2931 320 2976 cae
341 2931 404 2974 non
426 2921 597 2992 potuerunt
619 2933 679 2975 non
710 2931 905 2994 magnopere
926 2914 1063 2995 obesse,
1086 2917 1271 2996 praesertim
1289 2923 1362 2980 curb

259 3018 453 3082 frumentarii
487 3019 610 3080 acerbis
639 3037 765 3101 quoque
798 3018 1030 3084 deterrerentur
1059 3023 1190 3103 poenis,
1219 3042 1301 3104 quae
1318 2996 1361 3106 ¹iu

259 3143 319 3192 ecs
343 3133 488 3210 statutae
513 3132 615 3208 erant,
635 3126 687 3206 qui
708 3134 961 3206 compremerent
983 3125 1227 3208 frumentuw).
1249 3130 1363 3210 ltaque

270 3261 562 3278 m

285 3332 314 3398 i)
333 3331 484 3382 Boecltlrios
511 3331 536 3378 lu
555 3318 665 3395 singula
689 3329 891 3382 Atheniensium
915 3329 1005 3394 capita
1027 3317 1093 3380 seua
1110 3335 1212 3380 tantum
1230 3334 1363 3386 medimna

331 3425 478 3484 computat,
497 3421 732 3477 (Staetsbausbalt
749 3423 775 3472 d.
788 3419 914 3470 'Athener
932 3417 953 3468 l.
971 3417 997 3482 p.
1014 3419 1060 3482 st,
1079 3418 1140 3479 85.)
1158 3424 1204 3471 sed
1223 3423 1362 3486 videndae

325 3511 359 3562 de
376 3513 559 3562 Romanorum
577 3513 762 3562 consentione
780 3513 920 3576 congessit
938 3514 1047 3562 Dureau
1067 3515 1100 3562 de
1117 3513 1146 3562 la
1162 3509 1361 3564 blallet'ecene-

330 3603 384 3652 nris
400 3603 532 3665 potitique
547 3601 594 3654 des
613 3603 748 3654 numnius.
766 3605 788 3658 l.
806 3619 831 3668 p.
848 3594 1004 3658 ara-ssate.
1083 3635 1086 3640 ,

277 3697 310 3754 Β)
330 3696 432 3746 Weber·
448 3695 469 3744 l.
487 3695 507 3748 l.
525 3701 545 3746 t.
562 3697 610 3749 lll.
627 3709 689 3760 pag.
708 3694 819 3746 xxxii.

275 3792 306 3857 ³)
325 3791 449 3842 Socratis
468 3793 529 3841 bist.
548 3789 616 3842 ecel.
632 3793 667 3842 ll.
689 3791 729 3840 ta.
748 3803 808 3840 eum
826 3792 1020 3841 commentario
1039 3791 1156 3842 valesii.

275 3884 311 3948 4)
330 3884 442 3934 Walter
458 3885 553 3936 linem.
571 3883 766 3947 aasumensi.
782 3883 803 3933 l.
822 3895 847 3944 p.
865 3881 933 3948 ddi.
950 3895 978 3940 a.
997 3883 1064 3938 alib.

276 3975 308 4038 b)
324 3975 378 4026 adr.
396 3977 430 4024 de
446 3973 524 4024 bolus
542 3973 619 4026 vocis
636 3971 833 4036 significatione
851 3973 984 4034 liubulam
1000 3972 1018 4022 l.
1033 3973 1053 4023 l.
1070 3987 1096 4038 p,
1114 3972 1197 4024 rost.
1279 4017 1282 4026 .

278 4060 311 4126 6)
330 4063 381 4113 eir.
399 4076 467 4126 quae
493 4074 577 4125 supra
601 4060 715 4124 detege
739 4061 810 4110 lulla
826 4063 858 4112 de
875 4073 984 4114 annana
1001 4063 1055 4114 nixi
1073 4066 1101 4114 et
1126 4061 1230 4128 Ulpiae.
1247 4063 1267 4112 l.
1286 4066 1309 4113 e.
1328 4065 1360 4114 D.

333 4152 501 4206 extraordin.
517 4152 620 4206 crimin.
638 4153 699 4217 (4-7,
719 4151 793 4216 il.):
817 4165 874 4216 „ne
889 4156 938 4204 aut
954 4155 988 4204 ab
1005 4155 1045 4204 iris
1061 4152 1107 4216 nui
1125 4159 1245 4206 coe-tas
1262 4167 1363 4206 meroes

330 4245 505 4310 supprimant,
524 4253 574 4298 aut
589 4259 608 4298 a
622 4229 861 4312 locupletentur,
888 4245 934 4308 qoi
949 4246 1056 4298 tructus
1077 4259 1146 4298 saus
1160 4247 1252 4312 aequis
1268 4245 1362 4308 pretiis

326 4338 445 4388 vendere
463 4337 580 4400 nollent,
598 4363 630 4376 ·-
648 4349 758 4390 annona
775 4337 935 4392 oneretur.“
952 4337 1063 4398 talibas
1079 4337 1175 4392 edictis
1185 4336 1358 4404 privatipro-
