3172 5014
676 483 860 548 ...5-

220 668 266 749 9.,
288 663 527 741 xxxviia).
576 659 645 728 {ed
666 663 855 728 monendam
885 660 1014 725 Livium
1040 664 1076 725 iu'
1097 662 1241 724 omuibus
1269 661 1318 722 bis

218 773 301 836 locis
323 775 363 837 de
386 773 536 837 bellorum
558 780 679 834 tantum
696 771 890 853 temporibus
907 773 1038 852 referre,
1053 771 1166 852 quibus
1183 785 1320 852 magnac

219 881 355 944 militnm
383 883 497 963 copiae
526 880 557 942 iu
587 880 680 944 terris
708 880 891 962 longinquis
923 879 1109 943 dimicantes
1142 889 1259 961 magna
1287 876 1321 938 vi

220 986 370 1050 ,frumenti
390 999 518 1070 practer
539 987 799 1051 consuetudinem
822 989 1014 1073 indigebant.
1040 989 1153 1068 ‘Quare
1175 991 1204 1051 si
1226 987 1320 1050 etiam

225 1101 292 1156 tum
310 1105 444 1158 senatus
460 1097 650 1160 frumentum
673 1096 806 1160 llomam
827 1097 1070 1160 convehendu'm
1084 1095 1223 1175 curavit,
1247 1111 1320 1157 enar

223 1201 287 1272 boe
307 1204 398 1284 pacis
419 1205 616 1286 temporibus
637 1223 699 1266 non
722 1207 908 1286 neglexisse
930 1216 1016 1286 puto.
1052 1207 1159 1286 Atque
1178 1203 1208 1266 si
1225 1203 1322 1264 maris

222 1308 291 1372 talt.
307 1327 370 1372 con
390 1312 528 1392 pecunia
546 1311 606 1373 sed
623 1311 781 1374 frumento
798 1311 909 1374 barum
929 1311 1159 1392 provinciarum
1173 1309 1323 1372 decumas

225 1417 369 1482 vendere
390 1417 494 1501 (quod
515 1428 548 1481 et
569 1419 652 1480 Livii
675 1419 747 1482 loce
763 1419 857 1481 modo
876 1419 1002 1484 laudata
1017 1429 1050 1481 ct
1067 1419 1166 1481 multe
1179 1426 1323 1480 veterum

225 1525 414 1606 scriptorum
437 1525 617 1588 testimonia
638 1525 802 1588 aKuhnio
815 1545 846 1605 p.
858 1526 1035 1588 libb—lm.
1049 1526 1144 1589 allata
1161 1526 1325 1608 probant),

222 1632 288 1694 ianr
302 1651 367 1713 per
386 1649 424 1694 se
445 1632 519 1694 milri
542 1633 706 1714 probabile
727 1633 875 1714 videtur,
907 1634 939 1696 id
962 1634 1168 1713 frumentum,
1198 1629 1281 1714 quod
1305 1647 1325 1691 a

226 1741 403 1821 publicanis
429 1741 626 1819 solvebatur,
656 1759 719 1802 uon
741 1742 771 1802 in
793 1741 906 1805 Sicilia
927 1749 960 1803 et
981 1741 1131 1804 Sardinia
1151 1737 1325 1820 provinciis

223 1849 405 1932 uberrimis,
428 1852 487 1916 sed
507 1850 631 1915 Romae
649 1851 814 1914 venditum
843 1869 929 1917 csse.
981 1849 1076 1930 Quod
1106 1867 1177 1912 cum
1202 1849 1242 1911 dc
1264 1849 1326 1912 ci-

220 1957 354 2020 ceronis
373 1967 498 2040 aetate,
528 1965 562 2019 ut
583 1957 644 2018 ianr
667 1973 764 2038 snpra
786 1959 910 2038 monui,
943 1967 1019 2038 post
1038 1957 1156 2020 llubnii
1178 1957 1326 2039 disputa·

228 2067 346 2128 tionem
369 2066 444 2129 nibil
465 2069 602 2150 amplius
623 2066 708 2131 dubii
728 2069 858 2148 habeat,
881 2069 975 2130 etiem
997 2067 1037 2130 dn
1059 2087 1111 2148 aa,
1134 2085 1227 2151 quam
1244 2084 1329 2130 cunc

228 2181 424 2255 tractamus,
452 2175 508 2236 vix
538 2175 698 2257 ambiguis
729 2176 932 2237 eonlirmatnr
962 2177 1159 2238 testimoniis.
1210 2176 1328 2239 Sioda

229 2280 377 2345 Sardinia
398 2281 514 2346 lrivlus
536 2294 642 2348 narrat
662 2284 818 2362 „Carales
841 2285 1017 2346 exercitam
1039 2283 1175 2346 reduxit.
1192 2285 1329 2357 —Sar-

144 2378 146 2382 ’
229 2388 408 2474 diniamque
429 2392 637 2476 perdomitam
658 2394 779 2455 nuntiat
801 2393 944 2474 patribus
967 2401 999 2454 et
1018 2391 1209 2473 stipendium
1226 2411 1329 2473 quae-

230 2503 382 2584 storibus,
398 2505 586 2567 frumentum
602 2505 754 2567 aedilibus
768 2537 810 2548 -
822 2501 968 2565 tradidit“
979 2500 1122 2574 (XXlll.
1134 2499 1211 2576 dl).
1233 2497 1330 2586 Quod

228 2611 312 2674 eninr
335 2629 396 2672 non
418 2613 504 2674 urbis
532 2615 622 2694 usui,
651 2612 711 2675 sed
734 2611 932 2674 exercitibus
953 2607 1147 2672 destinatum
1170 2619 1239 2672 erat
1260 2610 1331 2670 lru·

228 2725 389 2800 mentum,
417 2740 479 2783 non
501 2722 657 2786 aedilibus
677 2721 867 2800 tradebatur,
893 2719 952 2782 scd
975 2719 1160 2782 oonsulibus
1180 2723 1231 2793 (ut
1250 2717 1331 2779 alias

230 2828 345 2890 Livias
377 2829 476 2892 refert
499 2831 608 2893 XXll.
630 2829 705 2903 32).
753 2830 869 2911 Neque
898 2828 992 2889 decet
1020 2827 1124 2890 simile
1152 2826 1193 2888 de
1222 2825 1333 2889 Sicilia

224 2939 455 3006 testimonium.
498 2941 534 3002 ln
555 2939 617 3002 hac
639 2941 720 3001 enirn
743 2942 860 3013 insula,
885 2939 1030 3022 quamvis
1052 2957 1107 3020 per
1128 2937 1241 3000 bellum
1263 2937 1333 2999 Pu·

231 3045 337 3107 nicum
359 3047 490 3109 alterum
514 3046 683 3110 admodum
705 3046 876 3109 devastata
898 3055 1008 3126 esset,
1037 3054 1143 3107 tamen
1165 3065 1241 3109 cura
1261 3045 1333 3106 Va-

223 3153 301 3216 'lerii
321 3155 523 3234 proconsulis
544 3163 665 3216 tantum
689 3155 855 3234 „provenit
883 3153 1046 3229 frumenti,
1082 3163 1117 3216 ut
1145 3164 1177 3216 et
1197 3153 1332 3217 Romam

233 3261 372 3323 mitteret
393 3269 426 3323 ct
449 3261 605 3325 Catonem
627 3261 841 3340 conveheret,
876 3257 960 3323 uude
982 3259 1135 3322 exercitui
1157 3295 1198 3304 -
1220 3270 1332 3343 posset

236 3366 401 3449 praeberi“
423 3365 511 3442 (niv.
534 3367 677 3430 XXVll.
699 3365 758 3440 8.).

319 3473 431 3555 ltaque
453 3474 515 3537 lam
537 3473 582 3535 bl.
604 3475 740 3536 Porcius
763 3469 847 3536 Cato
875 3474 1051 3536 nominavit
1072 3471 1215 3536 Siciliam
1246 3471 1337 3548 „cel-

236 3582 298 3644 lam
321 3582 482 3664 penariam
504 3581 695 3662 reipublicae
712 3589 853 3660 nostrae,
870 3582 1023 3642 nutricem
1036 3579 1138 3661 plebis
1152 3579 1336 3641 Romauee“

224 3688 325 3764 [Cic.
346 3690 376 3752 iu
398 3689 490 3754 Verr.
513 3691 553 3752 ll.
573 3689 632 3765 2.).
673 3691 799 3771 Neque
826 3692 961 3773 exiguos
988 3691 1113 3752 bnans
1140 3689 1250 3751 urbem
1272 3691 1336 3754 lam

223 3797 369 3859 -reeeulo
390 3807 485 3858 sexto
507 3815 550 3858 ex
571 3797 717 3859 ubertate
739 3797 850 3858 barum
871 3798 1040 3858 insularum
1071 3796 1219 3877 cepisse,
1250 3792 1336 3859 band

238 3905 306 3966 scia
328 3922 368 3966 an
392 3901 463 3964 inde
485 3901 593 3986 colligi
619 3905 738 3983 possit,
769 3902 853 3984 quod
875 3921 1063 3986 quamquam
1085 3901 1211 3966 labente
1233 3900 1336 3962 ltalo·

238 4018 306 4074 tuin
329 4030 477 4093 agrorum
501 4009 637 4091 cultura,
661 4019 767 4072 tamen
789 4011 820 4072 in
841 4011 1069 4092 posterioribus
1092 4008 1336 4072 nutrituris

241 4119 342 4181 rarius
365 4137 458 4200 quam
488 4117 518 4180 in
551 4117 705 4198 prioribus
737 4116 777 4180 de
810 4117 894 4178 fame
927 4118 1094 4206 ctinopia
1121 4118 1336 4181 Romanorum

241 4224 387 4287 traditum
417 4231 477 4291 est.
532 4225 667 4290 Videtur
697 4225 779 4288 enim
811 4223 896 4286 haud
927 4226 1045 4288 leviter
1076 4227 1255 4307 sumpsisse
1287 4224 1340 4288 bic

241 4329 378 4412 scriptor
400 4330 510 4414 talium
532 4330 750 4398 calamitatum
772 4331 955 4396 memoriam
983 4351 1025 4394 ex
1045 4332 1212 4394 annalibus
1233 4330 1341 4392 mexi-
