3172 5014
223 683 379 746 debuerit.
407 685 492 748 Nom
504 683 599 749 etiem
616 685 676 748 sub
689 685 901 768 Heliogobetc
915 694 1041 769 septem
1053 702 1207 750 ιιιιιοιιιιιι
1220 703 1323 751 conon

222 792 446 854 trementeries
468 792 497 854 io
519 791 596 854 urbe
616 793 738 854 exstitit
750 803 780 854 ct
797 797 824 854 is
846 793 956 870 „iuxta
979 795 1192 874 provisionem
1204 796 1322 859 Severi

221 907 255 959 et
276 897 442 974 'l'reieoi“,
464 905 497 960 ot
520 899 633 960 Aetius
657 899 858 980 Lampridius
881 900 980 980 addit,
1004 921 1023 963 e
1044 903 1136 964 cuius
1158 903 1226 965 vito
1250 905 1323 965 eto-

223 1007 319 1070 tonici
331 1007 529 1088 Heliogabali
551 1007 632 1069 lrooc
654 1009 752 1089 petita
774 1017 858 1073 suot
887 1009 958 1087 Que
981 1010 1011 1072 ἰιι
1034 1031 1069 1072 re
1089 1009 1116 1073 si
1140 1029 1160 1072 ιι
1183 1011 1322 1072 veritete

220 1114 304 1176 houd
342 1113 509 1193 abhorrui,
546 1117 609 1177 ierit
640 1113 716 1177 vide
754 1128 906 1197 quereum
934 1114 1030 1178 distet
1057 1132 1077 1178 e
1105 1115 1323 1198 megrritudirre

221 1221 317 1285 huius
345 1223 537 1303 provisionis
559 1223 669 1284 similis
697 1224 761 1302 lex,
784 1242 867 1305 queo
893 1223 1032 1305 pistores
1061 1224 1264 1286 Perisicoses
1293 1231 1326 1286 et

223 1339 254 1398 in
279 1335 348 1398 suis
370 1345 402 1397 ct
424 1338 456 1396 ιιι
476 1337 614 1417 publicis
644 1337 766 1398 horreis
798 1346 920 1400 tentum
944 1339 1091 1400 frementi
1113 1338 1152 1401 ed
1174 1354 1322 1402 eenonee

222 1444 435 1505 necessitates
455 1443 594 1506 condere
616 1443 713 1524 iubet,
736 1455 886 1527 quantum
908 1447 948 1508 eb
972 1446 1059 1506 urbis
1081 1444 1325 1528 incolisvigioti

201 1561 355 1635 ‚quotuor
376 1553 443 1614 iere
459 1551 571 1614 diebus
594 1557 793 1614 consumitur
806 1557 844 1626 ¹).
888 1553 939 1617 Ad
960 1573 1057 1635 quem
1076 1555 1201 1633 copiam
1223 1554 1324 1634 volgo

224 1662 336 1725 eedem
360 1663 427 1724 fere
447 1681 572 1725 summe
593 1663 717 1742 publico
738 1671 869 1744 sumptu
891 1665 1030 1744 reposito
1054 1660 1223 1736 cecedit²).
1249 1660 1322 1724 Sed

223 1780 259 1832 ut
281 1791 322 1833 ee
350 1770 536 1853 ecquidem
558 1772 611 1833 lex
634 1789 717 1834 nunc
737 1771 870 1833 Parisiis
890 1772 1132 1849 observatum,
1153 1770 1198 1833 ite
1228 1771 1324 1834 etiem

223 1875 347 1940 Romee
378 1879 505 1941 'Proieci
535 1887 750 1960 praeceptum·
776 1897 876 1958 saepo
910 1878 1081 1959 migratum
1112 1878 1152 1940 ob
1185 1897 1323 1960 comque

222 2001 351 2045 ceusem
365 2002 384 2046 e
398 1984 553 2063 Septimio
578 1987 705 2048 Severo
726 1985 907 2046 restitutum
940 2001 1015 2046 esse
1029 1992 1117 2064 puto.
1138 1971 1326 2066 Antiquior-e

223 2089 347 2172 quidem
373 2099 481 2152 eetete
513 2092 585 2154 tetis
607 2093 746 2172 provisio
777 2092 932 2154 inusitate
955 2092 1059 2153 tuisse
1081 2091 1208 2155 videtur
1230 2109 1324 2152 sum-

222 2213 340 2276 meque
362 2197 391 2257 in
406 2197 482 2258 urbe
503 2197 656 2260 interdum
679 2209 748 2261 orte
769 2212 821 2260 est
844 2200 1049 2278 perturbatio,
1072 2217 1143 2259 cum
1165 2209 1322 2279 quotuor-

224 2307 325 2369 decim
349 2307 401 2368 vel
421 2315 493 2369 octo
515 2316 638 2370 tentum
662 2307 780 2369 dierum
801 2308 949 2369 elimenta
972 2305 1038 2366 urbi
1065 2315 1271 2386 superessent
1280 2306 1323 2380 ⁴).

223 2413 298 2491 Quo
321 2415 490 2476 occasione
520 2433 592 2476 cum
615 2412 740 2476 iamed
772 2413 858 2474 urbis
891 2414 1143 2475 constrictionem
1178 2413 1325 2474 frumen·

222 2521 332 2584 teriam
356 2521 566 2602 pervenerim,
588 2522 662 2583 mihi
683 2520 860 2584 addendum
884 2540 960 2582 esse
979 2521 1106 2584 videtur
1129 2540 1179 2581 me
1203 2522 1321 2583 trustra

224 2628 442 2708 queeeivisse,
463 2627 620 2709 quomodo
641 2629 746 2709 eliqua
767 2646 838 2690 cum
862 2626 926 2689 tide
946 2639 1181 2708 computarem,
1201 2637 1321 2709 querite

223 2753 331 2799 annuo
356 2737 424 2798 eius
445 2753 568 2798 summo
591 2745 679 2797 certo
703 2735 837 2817 quedem
851 2735 1094 2799 eetotetirisset.
1117 2736 1203 2797 Nom
1228 2753 1323 2796 unum

223 2842 306 2925 quod
333 2843 373 2906 de
396 2843 458 2907 hec
480 2864 515 2907 re
536 2848 568 2906 in
600 2843 722 2905 schotto
751 2843 885 2927 quodem
911 2844 952 2906 ed
987 2845 1194 2918 Lucanum)
1216 2851 1324 2906 exstat

222 2951 437 3012 testimonium
459 2968 610 3030 perquem
639 2948 731 3012 dubie
762 2967 839 3012 esee
862 2949 924 3011 tide
946 2947 1080 3012 videtur.
1125 2949 1218 3026 eree
1242 2949 1324 3010 enim

223 3057 265 3119 ibi
288 3057 467 3120 nominetur
488 3057 668 3139 quotidiano
690 3076 816 3120 summe
838 3058 960 3134 80,000
983 3055 1065 3118 mod.
1089 3063 1208 3127 (onnus
1232 3057 1326 3138 igitur

222 3165 406 3247 2,920,000
433 3164 572 3226 modium
596 3167 671 3227 circ.
693 3165 839 3244 teo,000
860 3165 941 3226 med.
965 3164 1086 3235 iteret.)
1108 3182 1146 3224 eo
1172 3165 1325 3226 sufficere

224 3275 279 3335 vix
302 3275 414 3354 potuit,
447 3272 488 3335 od
510 3271 641 3335 ciendos
662 3291 791 3353 ornnes,
821 3272 893 3352 qui,
922 3287 992 3333 cum
1017 3273 1191 3350 Pompeius
1214 3286 1322 3330 curem

222 3399 368 3443 ennorree
384 3390 524 3462 gereret,
547 3389 638 3443 erent
660 3379 745 3442 urbis
767 3377 945 3457 incoiee⁶).
967 3377 1052 3440 Nem
1066 3379 1093 3439 si
1111 3395 1323 3458 utrumquem·

241 3637 271 3701 l)
290 3640 332 3687 [re
349 3637 447 3687 Presse
463 3634 509 3684 20.
529 3635 597 3684 tevr.
618 3633 697 3698 teet,
716 3635 771 3685 Sor
787 3635 816 3683 lo
833 3627 929 3684 liberte
947 3634 978 3682 de
1002 3633 1031 3682 lo
1047 3629 1239 3696 boolengerie.

239 3728 271 3793 2)
289 3731 359 3791 Rau,
377 3725 653 3777 Nationelikooorote
670 3728 696 3776 ³.
716 3729 785 3788 Act,
805 3731 825 3774 t.
845 3722 879 3778 11.
899 3737 922 3785 p.
940 3723 1006 3776 2³8.

240 3821 274 3889 8)
291 3822 332 3871 Ire
350 3822 444 3870 Presse
461 3819 481 3869 1.
499 3819 519 3869 l.

239 3913 272 3974 4)
290 3913 368 3963 'recti
385 3911 455 3962 Ano.
472 3912 532 3961 xii.
550 3911 597 3975 te,
616 3911 719 3961 senece
736 3911 768 3960 de
786 3908 918 3960 brevitate
937 3908 1012 3958 vites
1027 3919 1051 3957 e.
1070 3905 1114 3957 ts.

240 4005 325 4070 ὄ)1ιι
344 4003 456 4057 Weberi
473 4003 535 4055 edit.
555 4009 573 4054 t.
592 4003 639 4053 111.
664 4017 690 4066 p.
708 4003 754 4056 ³8.
773 4003 807 4051 ed
824 3999 887 4051 libr.
904 4000 925 4049 1.
944 4011 973 4048 v.
991 3999 1055 4049 81⁰.
1080 3995 1211 4061 Loquitur
1234 4000 1323 4046 eutem

288 4095 438 4146 scholiasta
455 4097 487 4145 de
506 4094 620 4159 Pompeii
638 4099 768 4156 tempore.

241 4185 272 4251 θ)
290 4185 375 4252 Quem
393 4185 421 4234 io
440 4198 495 4235 rero
514 4184 614 4247 primus
630 4183 747 4234 animum
763 4197 850 4234 meum
868 4182 985 4233 advertit
1003 4183 1049 4232 Fr.
1067 4179 1321 4240 Bitscheltuepree-

289 4277 385 4336 ceptor
402 4275 605 4337 dilectissimos,
635 4285 735 4324 meeum
758 4273 951 4337 benignissime
968 4271 1182 4332 conuenientes,
1209 4267 1326 4332 quode!

287 4368 321 4416 ete
339 4367 389 4416 hec
414 4379 442 4416 re
460 4364 668 4416 Hildebrerrdius
688 4364 844 4427 scripserat.
