3172 5014
267 670 392 736 etiamsi
413 671 612 754 locupletes,
651 671 712 736 nisi
734 681 903 736 senatores
926 682 960 737 et
981 675 1106 757 equites
1129 675 1255 738 luerunt
1269 678 1316 756 ¹),
1350 697 1370 740 a

265 782 400 861 pobliois
421 782 717 845 frumentstiouibus
739 783 865 866 legibus
889 803 951 846 nnn
974 785 1229 867 prohibebantur,
1263 796 1370 848 tamen

269 905 328 968 pro
351 897 439 950 eerto
459 887 578 952 habero
599 906 783 972 possumus,
807 889 911 952 nullos
934 891 1039 971 oives,
1067 895 1123 972 qui
1146 892 1281 974 sliquam
1304 913 1369 954 rem

267 993 433 1075 baberent,
453 995 545 1058 buius
566 995 743 1076 largitionis
764 997 936 1078 participes
961 1007 994 1061 et
1014 997 1045 1059 in
1068 998 1169 1078 plebis
1191 998 1370 1060 frumenta-

271 1100 338 1163 riae
358 1099 485 1162 tabulas
516 1101 637 1164 iuoises
658 1102 769 1164 inisse.
813 1101 917 1180 Quam
940 1102 979 1165 ob
1002 1120 1067 1164 rem
1092 1106 1153 1164 ianr
1173 1101 1250 1186 lege
1272 1103 1370 1164 Sem·-
1413 1105 1417 1112 '

269 1209 397 1292 pronia,
434 1229 497 1292 qua
523 1211 642 1274 nulium
671 1211 775 1272 nivem
799 1229 818 1272 a
845 1211 1065 1292 largitionibus
1096 1211 1259 1274 exelusum
1294 1227 1370 1272 esse

266 1327 514 1383 eonsentaueum
542 1327 603 1399 est,
627 1320 819 1400 pauperibus
842 1317 932 1396 (τοῖς
951 1312 1083 1402 πένησι)
1105 1319 1293 1382 frumentum
1308 1316 1370 1382 du-

266 1435 332 1489 tum
356 1443 443 1508 esse,
467 1426 700 1498 rtutnouusu
717 1428 794 1490 dieit
811 1426 990 1513 eodemque
1006 1426 1100 1488 modo
1115 1425 1274 1490 Martialis
1295 1426 1369 1489 elii-

267 1552 332 1616 que
350 1533 567 1615 seriptores⁸)
588 1532 628 1595 de
661 1534 763 1615 plebis
784 1534 1009 1596 frumentariae
1030 1533 1172 1610 ciuibus,
1209 1550 1289 1615 qnos
1311 1533 1370 1595 tri·

267 1641 359 1703 bules
384 1641 533 1721 appellat,
555 1650 706 1722 tanquam
729 1638 770 1702 de
792 1641 985 1721 pauperibus
1007 1647 1126 1701 tantum
1149 1640 1327 1719 loquuntur.

350 1746 463 1825 ltaque
492 1762 552 1806 nos
579 1763 621 1805 ex
651 1743 703 1805 bio
730 1743 831 1825 plebis
860 1743 1084 1807 frumentarius
1113 1745 1255 1806 tribubus
1281 1744 1369 1806 deri·

266 1850 372 1914 vanda
394 1851 489 1913 etiam
511 1858 658 1931 putamus
680 1850 733 1911 ilia
755 1849 897 1912 eiusdem
921 1850 1055 1912 nominis
1078 1869 1367 1932 corpora,quorum

265 1959 445 2040 posteriora
467 1967 612 2039 tempore
631 1957 763 2037 saepius
785 1959 903 2018 mentio
926 1955 971 2036 iit,
993 1961 1127 2038 quoius
1150 1957 1369 2022 frumeutiae·

267 2067 406 2149 eipiendi
430 2073 464 2128 et
492 2066 609 2128 venale
642 2074 675 2126 et
695 2065 918 2128 hereditarium
949 2065 1070 2126 ieetum
1092 2081 1168 2127 esse
1188 2066 1369 2127 Mommse-

266 2175 339 2238 nius
361 2174 535 2238 iueuleuter
557 2173 713 2254 probavit.
755 2173 840 2234 Nam
862 2191 933 2234 oum
956 2182 1050 2234 antea
1077 2173 1226 2255 singulae
1246 2183 1368 2235 tantum

263 2291 431 2363 tesserae,
472 2299 531 2362 pro
563 2281 678 2362 quibus
708 2289 886 2342 menstruas
916 2280 1061 2341 frumenti
1088 2285 1251 2359 portiones
1278 2281 1369 2343 cives

264 2391 481 2472 accipiebant,
503 2388 659 2452 interdum
680 2388 830 2452 venditae
852 2406 928 2450 esse
950 2387 1117 2449 videantur
1135 2388 1264 2467 (iuven.
1280 2390 1369 2451 vlit.

250 2499 375 2582 .171.),
410 2498 644 2561 demortuorum
674 2506 781 2559 eutem
813 2497 844 2558 in
865 2498 958 2578 plebe
986 2493 1189 2559 frumentaria
1220 2496 1291 2558 looa
1313 2505 1369 2559 aut

263 2627 321 2690 per
352 2606 638 2678 subsortitionem,
674 2607 761 2666 sieut
788 2623 809 2666 a
841 2604 987 2667 Caesare
1016 2605 1190 2666 institutum
1220 2604 1369 2685 vidimus,

263 2724 318 2778 aut
341 2715 406 2778 aiio
429 2712 566 2795 quodam
597 2710 690 2774 modo
710 2729 767 2792 per
794 2712 1003 2793 magistratus
1025 2711 1067 2773 ad
1090 2711 1171 2773 alios
1193 2712 1286 2773 eives
1306 2710 1366 2772 de·

261 2820 439 2890 ferrentur,
476 2828 597 2899 postea
611 2838 673 2881 non
695 2817 800 2880 solum
823 2818 970 2897 singulae
993 2826 1158 2890 tesserae,
1190 2816 1247 2878 sed
1272 2821 1368 2880 etium

265 2927 489 2990 instrumenti
520 2927 635 3007 publiei
658 2922 851 3005 aeoipiendi,
887 2923 971 3004 quod
999 2942 1055 3002 per
1076 2923 1176 2984 verba
1202 2933 1367 2987 »tesserae

263 3044 297 3098 et
325 3034 466 3096 utribusu
488 3033 745 3114 significabatur,
770 3050 790 3093 a
811 3031 1058 3110 possessoribus
1081 3039 1113 3093 et
1135 3029 1230 3092 vendi
1252 3039 1284 3093 et
1305 3030 1367 3092 ire-³

264 3141 390 3206 aedibus
413 3140 544 3222 relinqui
565 3140 684 3221 potuit⁴
697 3141 720 3213 ).

344 3246 414 3313 Sed
437 3256 471 3311 ut
492 3247 532 3309 ad
557 3247 697 3328 Augusti
717 3253 861 3328 tompore
876 3247 1017 3323 redesm,
1038 3265 1142 3328 pauea
1159 3255 1279 3310 tautum
1292 3257 1368 3310 sunt

261 3353 409 3418 addenda
433 3353 474 3418 de
495 3354 724 3418 distributionis
747 3354 852 3433 modo,
887 3357 1001 3436 quippe
1022 3354 1064 3418 de
1084 3375 1146 3437 quo
1168 3356 1229 3418 ium
1252 3355 1304 3416 elii
1324 3355 1369 3416 ita

261 3467 406 3548 egerint,
444 3474 480 3528 ut
507 3463 591 3526 dubii
620 3463 688 3526 lere
719 3465 795 3526 nibil
819 3466 1039 3546 relinquerent.
1082 3464 1220 3527 utillud
1243 3465 1367 3545 quidem

261 3574 342 3638 satis
369 3581 477 3635 notum
506 3580 650 3634 tesseras
679 3569 905 3655 frumentarias
927 3571 1109 3634 distributas
1133 3589 1207 3633 esse
1228 3571 1268 3634 ad
1290 3591 1369 3654 por-

260 3682 344 3742 tions
365 3679 527 3742 bliuueiae
547 3679 687 3753 ostiae),
719 3696 851 3759 qnorum
875 3678 1004 3738 tetiam
1035 3697 1095 3739 rex
1116 3679 1252 3740 Servius
1274 3679 1367 3741 insti-

261 3787 365 3852 tuisse
390 3785 554 3850 dicebatur
568 3788 611 3867 ⁶),
633 3794 711 3868 quot
732 3805 834 3848 annos
856 3798 1036 3868 regnasset.
1079 3786 1143 3849 Pro
1164 3787 1214 3849 bis
1234 3793 1368 3852 tesseris

284 3990 317 4056 1)
334 3994 483 4042 Mommsen
502 3990 520 4042 l.
537 3991 557 4041 l.
574 4005 600 4054 p.
618 3989 683 4040 tue.
699 4001 727 4042 n.
744 3988 793 4038 ta.
941 3987 973 4052 2)
991 3986 1021 4039 C.
1041 3987 1163 4038 Greebus
1180 4000 1238 4050 cap.
1255 3988 1284 4038 d.

280 4082 314 4148 8)
332 4083 443 4133 Martial
453 4084 552 4134 limbo.
562 4085 600 4132 58
616 4082 685 4144 Plio.
696 4083 719 4131 h.
730 4082 833 4132 mxlii.
843 4079 869 4130 4.
880 4081 1083 4131 elrblnmmsen
1093 4080 1113 4128 l.
1125 4079 1144 4129 l.
1156 4093 1181 4141 p.
1195 4079 1258 4130 tut.
1269 4091 1295 4130 ι.
1307 4078 1368 4132 164.

282 4172 314 4237 4)
338 4172 691 4226 Mommseul.l.198-201.
709 4169 1367 4236 e)necueru.A1ter1n.t.p.eetsennonttpaa.

278 4268 310 4325 θ)
329 4266 478 4316 Mommsen
501 4265 580 4318 ribd.
599 4267 828 4330 chronographum
847 4278 873 4313 v.
889 4264 915 4313 J.
932 4262 996 4313 ³54.
1015 4260 1162 4326 Abbadlgu
1180 4261 1204 4310 d.
1222 4260 1288 4323 phil.
1305 4259 1367 4310 trist.

333 4359 429 4411 Classe
449 4359 475 4409 d.
496 4362 642 4426 Letpzlger
659 4364 722 4414 (ies.
742 4365 766 4413 d.
784 4361 955 4418 wissenseb.
976 4357 1057 4410 183⁰.
1077 4357 1102 4409 1.
1120 4359 1149 4411 Β.
