3172 5014
680 497 868 562 ..q-

227 705 265 766 ep.
294 683 393 756 itti).
422 682 557 765 'itaque
587 682 654 744 hm
684 677 801 744 dimidii
826 680 923 743 hadas
953 681 1047 763 pretii
1078 682 1230 746 iacturam
1255 683 1335 747 i'ecit

229 794 407 872 aerarium,
438 794 470 853 si
494 790 584 853 sciris
614 790 744 853 assibus
764 789 987 850 attrieutibes
1017 789 1177 852 vendebat
1188 796 1226 866 ¹)
1267 792 1336 855 Sed

228 910 266 964 et
293 904 327 962 in
354 901 418 963 hau
439 917 483 961 ra
510 907 544 963 et
571 898 602 961 iu
635 907 703 974 tpta
733 916 812 961 cura
832 915 981 960 annonae
1003 897 1202 962 diiudicanda
1222 900 1336 982 ingere

231 1015 393 1074 nemiuem
417 1010 510 1072 debet
522 1051 532 1090 ,
563 1009 660 1073 mutto
684 1008 837 1069 raaiarem
860 1009 934 1068 eius
954 1005 1142 1068 varietatem
1166 1006 1251 1088 apud
1271 1027 1336 1068 ve·

226 1126 321 1180 teres
346 1117 481 1198 pupulas
509 1116 611 1179 faisse
639 1130 742 1198 quam
763 1119 883 1177 nostris
901 1115 1110 1195 temporibus.
1147 1114 1228 1193 Qua
1246 1115 1277 1176 iu
1301 1133 1354 1178 re.

122 1249 126 1254 ·
228 1244 317 1310 quaa
331 1229 412 1290 iuter
431 1234 633 1308 praesentem
654 1234 792 1287 aetatem
814 1233 848 1286 et
868 1224 1007 1287 modium
1029 1241 1143 1286 aevum
1164 1224 1334 1287 intercedit

232 1336 415 1416 diversitas,
432 1335 700 1414 eeomparatiune
721 1334 891 1412 pretiorum
912 1331 994 1392 iuter
1015 1331 1142 1412 angios
1161 1331 1336 1394 consuetu·-

224 1457 313 1524 rum,
328 1459 410 1524 quae
424 1441 454 1502 in
470 1438 776 1502 Hildebrsudii-iihuo
791 1435 1025 1499 deuecoaomia
1034 1437 1200 1519 petitore)
1213 1444 1335 1521 exstat,

226 1549 374 1630 perspici
402 1555 530 1630 potest,
564 1564 668 1626 neque
695 1545 793 1606 muita
812 1544 932 1606 maiora
955 1542 1051 1606 modo
1073 1545 1104 1604 iu
1127 1543 1229 1606 modio
1251 1559 1336 1608 aevo

233 1676 329 1739 quam
366 1660 396 1716 in
428 1653 615 1735 antiquitate
642 1651 761 1714 iactata
792 1668 868 1712 esse
895 1649 1024 1712 videtur
1054 1669 1188 1713 wacca.
1242 1651 1335 1730 Quod

229 1783 420 1850 quamquam
431 1764 591 1828 accuratis
604 1762 775 1844 pretiorum
786 1760 943 1824 indicibus
954 1759 1081 1840 probari
1095 1764 1217 1843 nequit,
1229 1770 1336 1824 tamen

225 1877 295 1938 ‘ism
320 1896 341 1938 a
361 1874 528 1937 Ciceronis
554 1869 585 1934 iu
616 1872 752 1934 Verrem
778 1870 921 1932 oratioue
950 1876 1048 1950 patet.
1091 1868 1128 1930 in
1157 1869 1227 1948 ipsa
1251 1869 1334 1932 euim

228 1985 346 2048 tSicilia
365 1983 418 2065 qui
441 1981 555 2044 Verria
577 1979 771 2062 temporibus
792 1979 874 2040 birris
896 1977 957 2039 fuit
977 1977 1138 2040 sestertiis
1152 1976 1248 2038 tritici
1263 1997 1337 2040 mo-

232 2087 460 2168 1111801185,
477 2085 578 2166 186.),
598 2086 704 2167 paullo
723 2092 800 2146 anta
820 2083 945 2145 vicenis
965 2081 1070 2144 iuerat
1085 2083 1224 2164 (11192,
1236 2083 1336 2154 tid).

234 2199 354 2278 Neque
375 2197 467 2260 aditer
489 2195 613 2257 Romae
635 2211 718 2255 auno
737 2191 810 2254 tii.
833 2185 936 2271 quiuis
959 2189 1048 2251 denis
1070 2187 1230 2252 drachmis
1250 2207 1337 2251 uen-

228 2305 369 2368 debatur
398 2302 594 2383 medimnus,
627 2299 754 2363 modius
782 2300 876 2382 igiter
902 2297 995 2360 danis
1023 2299 1182 2362 sestertiis
1207 2299 1336 2380 (Polyb.

237 2415 298 2476 lx.
321 2413 407 2492 44),
438 2429 509 2474 cum
529 2411 581 2472 hio
610 2409 777 2472 uorrnuiios
806 2423 909 2468 annos
931 2417 1005 2488 pust
1027 2409 1189 2490 quaternis
1211 2409 1337 2472 assibus

233 2522 307 2584 siue
327 2539 392 2582 rrnc
413 2519 565 2580 sestertio
580 2525 668 2580 esset
678 2520 717 2590 θ).
752 2518 860 2596 Atque
874 2515 970 2577 otiam
985 2518 1133 2598 Augusto
1148 2521 1336 2597 imperante,

236 2644 307 2692 cum
335 2627 435 2689 tutius
462 2625 532 2687 iere
554 2625 639 2686 orbis
667 2633 823 2686 terrarum
846 2623 1079 2684 commeatibus
1101 2623 1188 2684 urbis
1212 2642 1337 2687 annona

228 2733 478 2810 sublevaretur,
508 2745 609 2811 usque
631 2729 672 2790 ad
695 2729 828 2790 vicenos
849 2729 941 2790 binos
962 2727 1130 2790 sestertios
1143 2728 1236 2790 modri
1258 2745 1336 2810 prea-

230 2842 311 2902 tium
341 2840 371 2900 iu
399 2855 545 2900 annonae
572 2841 707 2900 caritate
738 2845 865 2900 auctum
897 2846 948 2902 est
974 2839 1018 2920 ⁴).
1063 2839 1195 2901 Nostris
1228 2850 1334 2903 autem

234 2944 430 3026 temporibus
454 2961 525 3006 cum
546 2962 628 3005 auno
654 2941 741 3005 1847.
762 2963 791 3024 p.
815 2943 854 3005 C.
877 2952 944 3006 tota
967 2947 1037 3008 iere
1055 2947 1087 3006 in
1101 2947 1231 3028 Europa
1246 2962 1336 3010 esset

233 3053 386 3115 sterilitas
413 3051 559 3133 frugum,
591 3068 745 3130 nusquam
778 3059 863 3111 teste
889 3050 1001 3112 eodem
1025 3053 1252 3116 Hildebrandio
1273 3058 1292 3120 Ι.
1315 3057 1335 3117 Ι.

236 3160 429 3222 frumentum
458 3157 555 3238 picris
576 3157 740 3217 venditum
756 3167 817 3230 ost,
836 3175 930 3236 quam
947 3159 1121 3240 quadruplo
1141 3163 1210 3224 eius
1233 3165 1335 3245 pretii,

226 3265 322 3349 -quod
345 3274 419 3326 ante
438 3282 584 3326 anuorme
603 3263 769 3324 caritatem
786 3263 973 3325 vilissimum
988 3265 1102 3343 fuerat,
1117 3269 1147 3329 iu
1172 3270 1334 3334 Britannia

233 3381 340 3435 auteur
371 3389 412 3432 ne
441 3368 534 3450 dupio
564 3369 699 3452 quidem.
743 3369 845 3448 Quam
873 3377 1048 3450 temporam
1077 3374 1334 3458 discrepantiam,

250 3619 280 3687 i)
300 3617 361 3685 Qua
378 3621 402 3672 iu
421 3613 462 3673 re'
476 3623 637 3676 Niebuhrius
664 3638 769 3688 quoque
795 3623 1050 3687 corrigendorum,
1076 3619 1121 3686 qui
1138 3635 1204 3703 oum¹
1224 3625 1333 3684 putaret

299 3713 412 3777 pretium
428 3727 446 3765 a
465 3713 496 3770 G.
519 3715 643 3768 Graccho
666 3721 798 3768 statutum
819 3717 949 3766 semisses
967 3719 993 3765 et
1013 3715 1128 3765 trientes
1156 3714 1260 3779 tuisse,
1286 3715 1337 3764 troc

300 3812 424 3870 quartam
451 3809 508 3859 iere
533 3815 634 3872 partem
662 3811 739 3873 pretii
756 3811 842 3874 vulgo
861 3811 951 3862 usitati
970 3811 1052 3859 tuisse
1068 3809 1151 3873 dixit,
1178 3807 1336 3875 (Vortrige

224 3925 226 3934 ι
303 3901 369 3952 tiber
385 3902 452 3950 rim.
471 3901 504 3952 G.
522 3903 593 3964 rap.
610 3899 926 3968 cathecumenorum
943 3913 1015 3952 auno
1035 3915 1060 3955 u.
1078 3905 1141 3956 tat.
1159 3906 1272 3964 quntum
1290 3913 1338 3954 tta-

299 3993 367 4044 sium
385 4007 495 4046 annona
513 4006 625 4057 propter
642 3997 778 4046 insolitam
796 3996 927 4046 vilitatem
945 4008 963 4045 a
981 3995 1058 4044 Livio
1077 4001 1309 4046 commemoratur.

255 4080 291 4147 2)
308 4083 470 4136 Hildebraad
496 4088 772 4140 Natioualdlrouornie
797 4091 823 4140 d.
841 4089 1009 4153 tiegenwart
1031 4103 1060 4141 u.
1082 4089 1208 4140 zukuutt
1230 4087 1335 4139 Frkirt.

302 4167 383 4226 1848.
403 4185 428 4238 p.
448 4178 513 4228 iae.
583 4203 590 4208 -

251 4261 283 4329 a)
301 4263 362 4314 Liv.
379 4266 463 4318 m.
480 4268 529 4317 26.
546 4269 644 4319 xxxi.
659 4269 689 4320 i.

248 4359 282 4419 i)
300 4360 410 4412 auserit
429 4358 584 4415 chronicon
602 4365 643 4416 ed.
661 4365 717 4416 Mai
735 4365 778 4416 01.
799 4365 866 4418 iae.
879 4379 908 4428 p.
927 4365 974 4418 Otr.
995 4366 1039 4416 12.
