3172 5014
696 437 902 502 ...24-

244 621 303 684 sed
332 623 426 686 etiam
456 621 592 700 viduas,
619 623 772 706 pupillos,
804 621 941 704 Pupillus
970 622 1121 683 contineri
1151 609 1340 684 frumentum

246 730 468 810 recipientium
490 750 632 814 numero,
656 732 771 813 quippe
793 749 923 814 qnorum
947 731 1164 811 professiones
1186 729 1247 792 hau
1268 728 1342 810 lege

243 835 363 899 diserte
391 837 609 919 praescriptae
637 839 702 902 sint
724 839 793 918 (lin.
815 837 875 917 1.).
925 839 1120 920 Neutiquam
1143 845 1248 898 autem
1271 833 1343 896 inde

244 963 316 1007 eum
341 946 543 1022 Dirlrsenio¹)
569 949 677 1032 colligi
708 959 836 1031 potest,
867 967 967 1012 sextus
992 951 1143 1011 rationem
1166 948 1289 1009 nrrrnino
1311 947 1343 1007 in

246 1055 466 1139 largitionibus
492 1075 553 1118 non
576 1055 716 1121 habitam
736 1075 827 1137 esse,
857 1057 941 1140 quod
970 1077 1041 1120 oum
1064 1057 1124 1118 iam
1147 1075 1203 1137 per
1224 1073 1262 1114 se
1287 1073 1343 1135 pro

244 1164 463 1228 Romanorum
485 1167 626 1228 moribus
650 1167 810 1247 probabile
831 1187 893 1228 nou
915 1166 970 1243 sit,
994 1167 1089 1226 etiam
1107 1184 1176 1225 cum
1197 1164 1267 1223 aliis
1280 1179 1343 1222 vo·

244 1279 346 1334 terum
369 1272 560 1334 testimoniis
583 1292 644 1334 non
667 1269 860 1354 congrum).
909 1271 1000 1349 Quae
1023 1290 1094 1334 oum
1117 1270 1343 1334 dubitationem

243 1379 313 1441 fere
336 1380 453 1442 nullam
476 1380 633 1461 habeant,
662 1381 723 1443 iam
754 1383 851 1444 multo
879 1381 1037 1446 difficilius
1060 1389 1109 1443 est
1131 1379 1279 1442 iudieium
1300 1376 1343 1455 de

244 1485 339 1566 filiis,
374 1489 427 1569 qui
449 1489 508 1549 sub
530 1489 630 1570 patria
654 1497 744 1553 eraut
767 1498 945 1570 potestate,
978 1507 1058 1570 qnos
1086 1507 1189 1570 neque
1209 1503 1249 1550 aa
1270 1504 1343 1546 mu-

243 1597 340 1659 lieres
362 1615 382 1658 e
405 1596 649 1660 frumentatione
670 1599 822 1660 exclusos
836 1599 937 1660 fuisse
953 1597 1182 1659 Mornmsenius
1200 1597 1345 1675 opinatur

245 1709 291 1788 (p.
317 1707 384 1769 193.
402 1725 436 1773 n.
456 1707 532 1779 tn).
585 1707 664 1769 luris
693 1716 799 1770 aretem
829 1709 921 1771 trium
953 1707 1116 1770 liberorum
1147 1709 1285 1769 fortasse
1313 1705 1345 1768 lu

245 1812 462 1876 distribuendo
491 1813 650 1878 frumento
678 1815 830 1877 rationem
859 1815 998 1877 habitam
1024 1833 1099 1876 esse
1118 1822 1208 1895 putat
1230 1821 1262 1874 et
1284 1831 1345 1894 pa*

245 1918 344 1980 tribus
371 1917 509 1980 familias
538 1919 688 1982 maiorem
718 1938 812 2002 quam
841 1920 1022 1982 caelebibus
1044 1919 1152 1982 datum
1176 1935 1250 1978 esse
1276 1918 1346 1980 fru-

246 2024 343 2088 rnenti
364 2023 502 2088 modum.
545 2025 612 2090 Sed
637 2043 709 2088 eum
733 2027 804 2108 ipse
824 2027 1058 2090 Mommsenins
1082 2024 1347 2089 demonstraverit

244 2137 293 2214 (p.
318 2131 386 2194 191.
414 2133 519 2213 193),
552 2135 718 2215 enargiaria
751 2132 792 2194 ab
824 2133 1065 2214 imperatoribus
1095 2151 1195 2214 saepe
1228 2133 1346 2214 populo

245 2239 320 2305 data
343 2241 549 2303 accessiones
572 2248 695 2302 tautum
718 2239 820 2302 fuisse
842 2239 881 2302 ad
905 2249 1084 2303 menstruas
1110 2241 1258 2304 frumenti
1279 2241 1346 2302 lar-

248 2345 400 2430 gitiones,
423 2346 509 2411 baud
530 2347 691 2429 probabile
713 2355 766 2409 est
788 2348 818 2408 in
846 2347 906 2411 illis
935 2349 1026 2410 aliam
1056 2347 1156 2409 fuisse
1184 2345 1346 2409 dividendi

247 2455 422 2536 rationem,
453 2473 548 2536 qnam
568 2455 608 2515 in
637 2454 774 2535 publiois
804 2454 1110 2518 frumentationibus.
1159 2454 1253 2532 Quod
1274 2474 1347 2519 euru

247 2563 493 2626 Mommsenium
524 2579 588 2625 non
618 2563 767 2646 fugeret,
788 2564 893 2626 attulit
915 2581 933 2626 e
957 2563 1058 2624 llioue
1081 2563 1169 2643 (LX.
1195 2563 1261 2641 15.)
1285 2583 1347 2624 ex·
1413 2553 1415 2556 ¹

248 2674 404 2754 emplum,
434 2673 486 2734 ubi
509 2672 667 2736 Claudius
696 2674 766 2735 aliis
795 2672 920 2737 civibus
944 2675 1023 2734 alias
1045 2671 1172 2737 dedisse
1194 2655 1348 2753 pecuniae

250 2800 392 2844 summas
414 2791 568 2845 narratur.
611 2780 678 2846 Sed
702 2802 741 2843 ne
762 2790 827 2844 turn
850 2780 977 2862 quidem
999 2781 1050 2841 ius
1071 2781 1161 2842 trium
1181 2781 1347 2841 liberorum

250 2887 404 2950 Claudius
425 2899 596 2970 speetasse
617 2891 743 2952 videtur
765 2890 960 2971 trequeinter
973 2896 1018 2950 tot
1032 2889 1196 2971 congiaria
1211 2906 1230 2948 a
1246 2888 1348 2949 Dione
1449 2896 1454 2902 ’
1572 2940 1574 2963 ,

250 2989 474 3071 enumerata³)
496 2997 590 3062 ullum
615 2997 698 3061 alind
723 3005 844 3078 exstat,
867 2999 896 3059 iu
919 3017 981 3080 quo
1001 3017 1061 3058 non
1077 2995 1188 3058 eadem
1205 2994 1349 3057 omnibus

250 3105 377 3169 nivibus
401 3107 474 3171 data
496 3109 537 3170 sit
559 3107 715 3188 pecuniae
736 3107 908 3178 summall.
945 3107 1062 3186 Neque
1075 3104 1148 3166 mibi
1161 3121 1348 3184 persuasum

250 3222 302 3277 est
324 3213 405 3277 filios
428 3216 565 3278 familias
587 3215 790 3298 largitionum
814 3221 964 3293 expertes
988 3211 1101 3273 fuisse.
1153 3211 1234 3274 Cum
1264 3215 1347 3274 euim

249 3339 329 3384 suae
357 3323 513 3404 opinionis
543 3323 661 3384 nullum
691 3321 831 3384 attulerit
857 3321 1089 3383 Mommsenius
1116 3323 1349 3402 argumentum,

250 3429 360 3492 neseio
382 3448 445 3512 quo
468 3429 535 3490 iure
557 3427 587 3489 id
612 3427 696 3521 quod
720 3427 894 3490 Suetonius
907 3427 998 3498 (Oct.
1011 3427 1078 3498 41.)
1091 3437 1123 3490 et
1135 3429 1195 3489 Dio
1211 3427 1349 3492 Cassius

250 3538 323 3609 (bl.
343 3539 413 3612 2¹.)
436 3545 576 3620 narrant,
597 3539 782 3622 Augustum
808 3555 849 3598 ue
871 3537 1008 3598 minores
1029 3535 1155 3617 quidem
1179 3557 1296 3617 pueros
1317 3537 1349 3599 in

246 3681 564 3697 —n—-

269 3751 296 3816 1)
315 3753 520 3818 Bemerlrnngen
545 3753 612 3804 aber
635 3751 675 3804 die
701 3755 775 3804 ersis
799 3753 893 3805 llilfte
915 3756 962 3804 der
978 3753 1056 3805 Talei
1073 3769 1099 3804 v.
1118 3753 1260 3820 Heraclea,
1277 3753 1351 3806 civil.
1406 3789 1409 3797 ,

319 3843 536 3906 abhandlungen
556 3849 619 3893 tom.
640 3841 675 3894 11.
693 3857 719 3906 p.
740 3843 788 3894 183
805 3858 861 3908 sqq.

267 3934 296 3997 2)
315 3933 382 3986 Beln
399 3933 426 3985 ln
445 3933 534 3996 Pauly
543 3933 762 3998 Bealencylrlop.
773 3934 819 3986 IV.
846 3937 883 3986 of.
894 3936 1014 3988 Dosltbei
1025 3936 1135 3994 Admau.
1145 3941 1261 3988 sentent.
1273 3940 1299 4001 s.
1311 3935 1350 3988 tt.

266 4026 297 4085 3)
315 4023 1122 4092 n1.1.;ntttmsallv.29.;n1x.2.;1ntx.32.;12xxvt.t
1137 4029 1350 4092 3bxxv111.34.

267 4115 298 4178 4)
315 4119 418 4168 Plinius
436 4122 547 4182 (paneg.
564 4116 607 4169 25.
624 4115 693 4182 26.)‚
711 4131 786 4182 quem
804 4118 866 4169 item
886 4121 1078 4171 Mommsenius
1095 4121 1230 4184 laudavit,
1247 4137 1300 4174 non
1319 4129 1351 4176 de

317 4213 427 4276 publica
438 4211 571 4262 frumenti
590 4211 747 4277 largitione,
766 4213 812 4261 sed
824 4215 856 4262 de
865 4212 957 4275 puerls
966 4213 1142 4265 allmentariis
1152 4215 1226 4279 loqui
1236 4216 1350 4268 videtdr.

318 4305 354 4354 ef.
373 4306 480 4356 tienzen
500 4307 532 4355 de
551 4306 647 4356 tabula
664 4305 737 4356 allae
755 4304 952 4356 Baebianorurn
970 4305 1047 4356 Rom.
1068 4303 1141 4357 1845.
1160 4320 1185 4370 p.
1208 4307 1250 4360 tt.
