3172 5014
274 1651 528 1742 Quamvisiam
550 1661 625 1716 aute
652 1660 792 1716 nostram
822 1660 960 1716 aetatem
988 1651 1029 1715 de
1057 1652 1186 1736 publiea
1214 1669 1294 1720 eura

191 1781 337 1824 annonae
365 1763 448 1844 apud
481 1763 645 1825 Romanos
679 1764 859 1842 complures
893 1763 952 1824 viri
984 1761 1162 1826 doctissimi
1193 1764 1295 1829 verba

192 1871 326 1932 fecerint
354 1891 457 1954 neque
483 1889 586 1952 pauea
614 1891 633 1932 e
660 1871 827 1932 veteribus
856 1869 1060 1949 scriptoribus
1090 1869 1191 1934 daea
1213 1891 1295 1935 oon·

192 1979 367 2058 gesserint,
390 1987 495 2041 tamen
519 1980 615 2041 multo
638 1979 800 2042 clariorem
821 1979 923 2039 lucem
943 1995 1027 2039 nune
1048 1975 1121 2040 huie
1139 1979 1185 2041 rei
1203 1987 1292 2042 atto-¹

191 2084 294 2146 lerunt
314 2094 347 2146 et
362 2086 594 2147 Mommseoius
616 2086 646 2146 iu
669 2085 747 2146 libro
768 2099 829 2146 suo
851 2082 892 2145 de
910 2082 1124 2147 Romanorum
1149 2085 1294 2149 tribubus
1328 2167 1332 2170 ᾖ

191 2192 244 2272 (p.
271 2192 457 2272 tte—aus)
488 2201 521 2254 et
544 2192 692 2253 llulrnios
718 2191 882 2252 disserens
908 2189 949 2252 de
975 2191 1133 2253 frumento
1155 2191 1293 2256 Romam

192 2300 360 2380 importato
389 2303 421 2360 in
451 2300 582 2382 Bergkii
612 2308 646 2359 et
672 2294 825 2360 Caesaris
854 2297 1109 2377 ephemeridibus
1131 2289 1243 2378 (1845.
1262 2319 1295 2382 p.

191 2405 395 2472 ess-1008.
411 2418 445 2468 et
467 2425 496 2484 p.
513 2403 750 2482 toea-luet).
788 2402 863 2466 Sed
885 2419 959 2464 eum
981 2401 1022 2465 ad
1044 2420 1135 2466 suum
1158 2406 1295 2488 quisque

191 2513 287 2575 linem
317 2516 424 2575 varias
451 2521 574 2575 tantum
603 2512 648 2572 rei
670 2509 897 2572 frumentariae
918 2518 1027 2590 partes
1049 2509 1078 2572 hi
1101 2516 1294 2593 perscrutati

192 2633 323 2704 essent,
353 2642 470 2705 operae
497 2626 634 2704 pretium
659 2621 785 2702 putavi,
805 2627 838 2682 et
867 2623 899 2680 in
927 2622 1108 2685 universam
1130 2623 1225 2686 huius
1246 2627 1294 2689 rei

191 2729 506 2810 administrationem,
528 2730 633 2811 qualis
654 2726 779 2808 quidem
803 2736 836 2787 et
856 2725 974 2788 liberae
995 2728 1187 2809 reipublicae
1204 2739 1293 2794 tem·

190 2837 322 2918 poribus
349 2845 384 2898 ot
411 2836 522 2918 primis
552 2837 775 2914 imperatorum
804 2833 945 2895 saeeulis
967 2833 1098 2914 luisset,
1122 2854 1179 2918 pro
1213 2839 1294 2902 meis

191 2943 310 3006 viribus
338 2944 506 3024 indagare,
528 2950 562 3004 et
583 2961 623 3003 eo
656 2943 845 3022 praesertim
877 2942 1013 3006 animum
1051 2943 1224 3009 advertero
1255 2955 1293 3010 ut

190 3053 408 3134 explorarem,
430 3070 515 3133 quae
537 3052 568 3112 in
590 3051 698 3131 populi
714 3039 856 3113 ''Romanr
876 3049 1011 3113 historia
1033 3052 1126 3115 buius
1148 3055 1290 3118 instituti

191 3161 314 3221 ratione
341 3159 465 3238 habita,
495 3157 612 3220 elarius
634 3155 771 3236 perspiei
786 3164 934 3235 possent.
978 3155 1083 3234 Quam
1108 3159 1148 3220 de
1171 3159 1234 3222 bae
1254 3179 1291 3224 re

192 3286 275 3330 nune
297 3267 476 3345 oonseripsi
499 3263 778 3342 dissertationem,
806 3281 877 3323 eam
901 3262 943 3323 ita
966 3263 1107 3346 institui,
1136 3274 1171 3328 ut
1193 3268 1293 3332 multa

192 3389 277 3452 quae
297 3369 339 3435 ad
359 3369 510 3451 liquidum
532 3371 593 3432 iam
617 3368 656 3430 ab
678 3365 750 3430 aliis
771 3366 846 3429 milri
863 3367 1047 3430 viderentur
1062 3370 1213 3453 addueta,
1236 3382 1293 3437 aut

191 3479 291 3542 obiter
313 3483 434 3541 tantum
451 3480 664 3558 attingerem,
684 3485 741 3537 aut
761 3491 893 3556 prorsus
914 3478 1107 3539 omitterem.
1137 3481 1291 3562 Disposui

189 3595 295 3648 autem
319 3595 416 3647 totam
439 3588 471 3647 in
492 3593 629 3667 quatuor
658 3595 782 3666 partes,
812 3585 843 3646 in
875 3603 1008 3667 quarum
1036 3589 1136 3669 prima
1162 3591 1216 3672 egi
1248 3589 1291 3655 de

189 3694 314 3774 publiea
337 3710 414 3756 eura
435 3710 581 3756 annonae
601 3701 676 3754 aute
697 3692 804 3774 legem
825 3693 1060 3778 Semproniam,
1084 3697 1114 3759 in
1134 3697 1291 3765 alterode

188 3799 316 3882 legibus
345 3797 580 3880 frumentariis,
606 3797 637 3860 in
663 3799 757 3860 tertia
783 3798 825 3860 de
846 3800 1020 3864 constituta
1040 3820 1098 3882 per
1120 3805 1178 3872 lul.
1200 3805 1293 3870 Cae-

188 3921 294 3968 sarem
317 3911 350 3966 et
371 3907 555 3989 Augustum
576 3904 745 3986 largitione
767 3902 935 3986 frumenti,
964 3905 995 3966 iu
1021 3920 1135 3989 quarta
1155 3911 1291 3995 denique

188 4009 231 4072 de
242 4013 416 4094 proviueiis
430 4013 646 4076 frumentariis
659 4013 881 4094 frumentoque
894 4029 937 4075 ex
951 4011 991 4077 iis
1002 4011 1137 4080 Romam
1152 4017 1290 4086 inveeto.
1403 4021 1409 4030 “

575 4287 887 4323 W-
