<?xml version="1.0" encoding="UTF-8"?>
<!DOCTYPE html PUBLIC "-//W3C//DTD XHTML 1.0 Transitional//EN"
    "http://www.w3.org/TR/xhtml1/DTD/xhtml1-transitional.dtd">
<html xmlns="http://www.w3.org/1999/xhtml" xml:lang="en" lang="en">
 <head>
  <title>
</title>
<meta http-equiv="Content-Type" content="text/html;charset=utf-8" />
  <meta name='ocr-system' content='tesseract 3.04.00' />
  <meta name='ocr-capabilities' content='ocr_page ocr_carea ocr_par ocr_line ocrx_word'/>
</head>
<body>
  <div class='ocr_page' id='page_1' title='image "./meletematadepub00nassgoog_0012.png"; bbox 0 0 3172 5014; ppageno 0'>
   <div class='ocr_carea' id='block_1_1' title="bbox 738 486 923 548">
    <p class='ocr_par' dir='ltr' id='par_1_1' title="bbox 738 486 923 548">
     <span class='ocr_line' id='line_1_1' title="bbox 738 486 923 548; baseline 0.005 -15"><span class='ocrx_word' id='word_1_1' title='bbox 738 486 923 548; x_wconf 69' lang='lat'><em>..4-</em></span> 
     </span>
    </p>
   </div>
   <div class='ocr_carea' id='block_1_2' title="bbox 267 667 1378 3115">
    <p class='ocr_par' dir='ltr' id='par_1_2' title="bbox 267 667 1378 3115">
     <span class='ocr_line' id='line_1_2' title="bbox 280 667 1378 749; baseline 0.003 -19"><span class='ocrx_word' id='word_1_2' title='bbox 280 685 309 731; x_wconf 84' lang='lat' dir='ltr'><strong>c.</strong></span> <span class='ocrx_word' id='word_1_3' title='bbox 330 667 381 735; x_wconf 85' lang='grc'><strong>38.</strong></span> <span class='ocrx_word' id='word_1_4' title='bbox 402 677 544 749; x_wconf 83' lang='lat' dir='ltr'><strong>exstant,</strong></span> <span class='ocrx_word' id='word_1_5' title='bbox 566 670 619 731; x_wconf 89' lang='lat' dir='ltr'><strong>nbi</strong></span> <span class='ocrx_word' id='word_1_6' title='bbox 640 677 746 732; x_wconf 87' lang='lat' dir='ltr'><strong>narrat</strong></span> <span class='ocrx_word' id='word_1_7' title='bbox 768 675 967 732; x_wconf 85' lang='lat' dir='ltr'><strong>commeatus</strong></span> <span class='ocrx_word' id='word_1_8' title='bbox 987 687 1030 732; x_wconf 84' lang='lat' dir='ltr'><strong>ox</strong></span> <span class='ocrx_word' id='word_1_9' title='bbox 1050 668 1159 733; x_wconf 78' lang='lat' dir='ltr'><strong>Sicilia</strong></span> <span class='ocrx_word' id='word_1_10' title='bbox 1179 677 1211 734; x_wconf 84' lang='lat' dir='ltr'><strong>at</strong></span> <span class='ocrx_word' id='word_1_11' title='bbox 1231 667 1378 735; x_wconf 78' lang='lat' dir='ltr'><strong>Sardinia</strong></span> 
     </span>
     <span class='ocr_line' id='line_1_3' title="bbox 280 776 1377 850; baseline 0.003 -12"><span class='ocrx_word' id='word_1_12' title='bbox 280 777 345 850; x_wconf 80' lang='lat' dir='ltr'><strong>ianr</strong></span> <span class='ocrx_word' id='word_1_13' title='bbox 363 777 464 838; x_wconf 83' lang='lat' dir='ltr'><strong>altero</strong></span> <span class='ocrx_word' id='word_1_14' title='bbox 486 777 569 838; x_wconf 86' lang='lat' dir='ltr'><strong>bello</strong></span> <span class='ocrx_word' id='word_1_15' title='bbox 588 777 707 840; x_wconf 90' lang='lat' dir='ltr'><strong>Punico</strong></span> <span class='ocrx_word' id='word_1_16' title='bbox 730 776 867 841; x_wconf 87' lang='lat' dir='ltr'><strong>noudum</strong></span> <span class='ocrx_word' id='word_1_17' title='bbox 891 777 978 842; x_wconf 81' lang='lat' dir='ltr'><strong>finito</strong></span> <span class='ocrx_word' id='word_1_18' title='bbox 999 785 1120 842; x_wconf 78' lang='lat' dir='ltr'><strong>tanum</strong></span> <span class='ocrx_word' id='word_1_19' title='bbox 1143 779 1171 840; x_wconf 91' lang='lat' dir='ltr'><strong>in</strong></span> <span class='ocrx_word' id='word_1_20' title='bbox 1193 777 1270 840; x_wconf 88' lang='lat' dir='ltr'><strong>arbe</strong></span> <span class='ocrx_word' id='word_1_21' title='bbox 1291 777 1377 841; x_wconf 83' lang='lat' dir='ltr'><strong>effe·</strong></span> 
     </span>
     <span class='ocr_line' id='line_1_4' title="bbox 279 881 1378 963; baseline 0.004 -21"><span class='ocrx_word' id='word_1_22' title='bbox 279 883 365 944; x_wconf 88' lang='lat' dir='ltr'><strong>cisse</strong></span> <span class='ocrx_word' id='word_1_23' title='bbox 394 901 540 944; x_wconf 85' lang='lat' dir='ltr'><strong>annorrae</strong></span> <span class='ocrx_word' id='word_1_24' title='bbox 569 881 719 942; x_wconf 86' lang='lat' dir='ltr'><strong>vilitatem</strong></span> <span class='ocrx_word' id='word_1_25' title='bbox 749 891 804 960; x_wconf 87' lang='lat' dir='ltr'><strong>„ut</strong></span> <span class='ocrx_word' id='word_1_26' title='bbox 835 902 891 963; x_wconf 82' lang='lat' dir='ltr'><strong>pro</strong></span> <span class='ocrx_word' id='word_1_27' title='bbox 919 891 1054 946; x_wconf 85' lang='lat' dir='ltr'><strong>vectura</strong></span> <span class='ocrx_word' id='word_1_28' title='bbox 1075 885 1267 950; x_wconf 81' lang='lat' dir='ltr'><strong>frumentum</strong></span> <span class='ocrx_word' id='word_1_29' title='bbox 1291 903 1378 946; x_wconf 88' lang='lat' dir='ltr'><strong>mer·</strong></span> 
     </span>
     <span class='ocr_line' id='line_1_5' title="bbox 279 992 1376 1074; baseline 0.002 -22"><span class='ocrx_word' id='word_1_30' title='bbox 279 998 372 1052; x_wconf 78' lang='lat' dir='ltr'><strong>sator</strong></span> <span class='ocrx_word' id='word_1_31' title='bbox 394 992 499 1054; x_wconf 85' lang='lat' dir='ltr'><strong>rrautis</strong></span> <span class='ocrx_word' id='word_1_32' title='bbox 521 993 742 1074; x_wconf 82' lang='lat' dir='ltr'><strong>relinqueret.“</strong></span> <span class='ocrx_word' id='word_1_33' title='bbox 788 992 882 1071; x_wconf 79' lang='lat' dir='ltr'><strong>Quod</strong></span> <span class='ocrx_word' id='word_1_34' title='bbox 906 993 1016 1054; x_wconf 82' lang='lat' dir='ltr'><strong>mirum</strong></span> <span class='ocrx_word' id='word_1_35' title='bbox 1039 992 1138 1056; x_wconf 84' lang='lat' dir='ltr'><strong>videri</strong></span> <span class='ocrx_word' id='word_1_36' title='bbox 1167 1012 1229 1064; x_wconf 86' lang='lat' dir='ltr'><strong>uon</strong></span> <span class='ocrx_word' id='word_1_37' title='bbox 1258 1000 1376 1074; x_wconf 84' lang='lat' dir='ltr'><strong>potest,</strong></span> 
     </span>
     <span class='ocr_line' id='line_1_6' title="bbox 277 1097 1376 1182; baseline 0 -24"><span class='ocrx_word' id='word_1_38' title='bbox 277 1097 306 1158; x_wconf 86' lang='lat' dir='ltr'><strong>si</strong></span> <span class='ocrx_word' id='word_1_39' title='bbox 329 1117 422 1161; x_wconf 87' lang='lat' dir='ltr'><strong>ornne</strong></span> <span class='ocrx_word' id='word_1_40' title='bbox 451 1099 661 1180; x_wconf 80' lang='lat' dir='ltr'><strong>frumentum,</strong></span> <span class='ocrx_word' id='word_1_41' title='bbox 690 1099 772 1180; x_wconf 87' lang='lat' dir='ltr'><strong>quod</strong></span> <span class='ocrx_word' id='word_1_42' title='bbox 802 1099 939 1182; x_wconf 88' lang='lat' dir='ltr'><strong>ipsorum</strong></span> <span class='ocrx_word' id='word_1_43' title='bbox 970 1098 1041 1160; x_wconf 91' lang='lat' dir='ltr'><strong>usui</strong></span> <span class='ocrx_word' id='word_1_44' title='bbox 1070 1105 1275 1179; x_wconf 64' lang='lat' dir='ltr'><strong>superesset,</strong></span> <span class='ocrx_word' id='word_1_45' title='bbox 1305 1098 1376 1161; x_wconf 88' lang='lat' dir='ltr'><strong>aliis</strong></span> 
     </span>
     <span class='ocr_line' id='line_1_7' title="bbox 277 1203 1375 1286; baseline 0.001 -21"><span class='ocrx_word' id='word_1_46' title='bbox 277 1206 403 1284; x_wconf 85' lang='lat' dir='ltr'><strong>populis</strong></span> <span class='ocrx_word' id='word_1_47' title='bbox 431 1221 524 1285; x_wconf 87' lang='lat' dir='ltr'><strong>quarn</strong></span> <span class='ocrx_word' id='word_1_48' title='bbox 547 1204 695 1268; x_wconf 81' lang='lat' dir='ltr'><strong>Romane</strong></span> <span class='ocrx_word' id='word_1_49' title='bbox 725 1203 866 1268; x_wconf 88' lang='lat' dir='ltr'><strong>vendere</strong></span> <span class='ocrx_word' id='word_1_50' title='bbox 889 1205 1101 1286; x_wconf 83' lang='lat' dir='ltr'><strong>provinciales</strong></span> <span class='ocrx_word' id='word_1_51' title='bbox 1123 1204 1375 1284; x_wconf 59' lang='lat' dir='ltr'><strong>prohibebamus</strong></span> 
     </span>
     <span class='ocr_line' id='line_1_8' title="bbox 276 1309 1374 1396; baseline 0.004 -24"><span class='ocrx_word' id='word_1_52' title='bbox 276 1312 361 1386; x_wconf 82' lang='lat' dir='ltr'><strong>Nam</strong></span> <span class='ocrx_word' id='word_1_53' title='bbox 385 1330 403 1370; x_wconf 87' lang='lat' dir='ltr'><strong>e</strong></span> <span class='ocrx_word' id='word_1_54' title='bbox 426 1312 534 1376; x_wconf 84' lang='lat' dir='ltr'><strong>Sicilia</strong></span> <span class='ocrx_word' id='word_1_55' title='bbox 558 1309 724 1376; x_wconf 71' lang='lat' dir='ltr'><strong>Ciceronis</strong></span> <span class='ocrx_word' id='word_1_56' title='bbox 746 1324 892 1394; x_wconf 85' lang='lat' dir='ltr'><strong>ternpore</strong></span> <span class='ocrx_word' id='word_1_57' title='bbox 900 1357 911 1396; x_wconf 89' lang='lat'><em>,</em></span> <span class='ocrx_word' id='word_1_58' title='bbox 941 1331 1013 1376; x_wconf 88' lang='lat' dir='ltr'><strong>cum</strong></span> <span class='ocrx_word' id='word_1_59' title='bbox 1042 1315 1104 1377; x_wconf 86' lang='lat' dir='ltr'><strong>iam</strong></span> <span class='ocrx_word' id='word_1_60' title='bbox 1127 1325 1201 1394; x_wconf 86' lang='lat' dir='ltr'><strong>post</strong></span> <span class='ocrx_word' id='word_1_61' title='bbox 1223 1313 1374 1376; x_wconf 87' lang='lat' dir='ltr'><strong>bellorum</strong></span> 
     </span>
     <span class='ocr_line' id='line_1_9' title="bbox 274 1418 1375 1503; baseline 0 -21"><span class='ocrx_word' id='word_1_62' title='bbox 274 1418 439 1482; x_wconf 83' lang='lat' dir='ltr'><strong>servilium</strong></span> <span class='ocrx_word' id='word_1_63' title='bbox 461 1418 701 1484; x_wconf 76' lang='lat' dir='ltr'><strong>devastationes</strong></span> <span class='ocrx_word' id='word_1_64' title='bbox 722 1421 816 1484; x_wconf 82' lang='lat' dir='ltr'><strong>haud·</strong></span> <span class='ocrx_word' id='word_1_65' title='bbox 834 1422 880 1484; x_wconf 87' lang='lat' dir='ltr'><strong>ita</strong></span> <span class='ocrx_word' id='word_1_66' title='bbox 903 1431 936 1485; x_wconf 90' lang='lat' dir='ltr'><strong>at</strong></span> <span class='ocrx_word' id='word_1_67' title='bbox 958 1431 1053 1484; x_wconf 87' lang='lat' dir='ltr'><strong>antea</strong></span> <span class='ocrx_word' id='word_1_68' title='bbox 1072 1421 1171 1484; x_wconf 85' lang='lat' dir='ltr'><strong>Siculi</strong></span> <span class='ocrx_word' id='word_1_69' title='bbox 1193 1423 1262 1503; x_wconf 87' lang='lat' dir='ltr'><strong>agri</strong></span> <span class='ocrx_word' id='word_1_70' title='bbox 1283 1422 1375 1483; x_wconf 88' lang='lat' dir='ltr'><strong>cole-</strong></span> 
     </span>
     <span class='ocr_line' id='line_1_10' title="bbox 276 1532 1373 1611; baseline 0.002 -21"><span class='ocrx_word' id='word_1_71' title='bbox 276 1538 384 1590; x_wconf 81' lang='lat' dir='ltr'><strong>rentur</strong></span> <span class='ocrx_word' id='word_1_72' title='bbox 397 1533 442 1611; x_wconf 85' lang='lat'><strong>¹),</strong></span> <span class='ocrx_word' id='word_1_73' title='bbox 472 1540 608 1596; x_wconf 82' lang='lat' dir='ltr'><strong>sanatus</strong></span> <span class='ocrx_word' id='word_1_74' title='bbox 637 1532 803 1596; x_wconf 82' lang='lat' dir='ltr'><strong>Romanus</strong></span> <span class='ocrx_word' id='word_1_75' title='bbox 830 1551 892 1595; x_wconf 92' lang='lat' dir='ltr'><strong>uno</strong></span> <span class='ocrx_word' id='word_1_76' title='bbox 922 1552 1005 1596; x_wconf 90' lang='lat' dir='ltr'><strong>anno</strong></span> <span class='ocrx_word' id='word_1_77' title='bbox 1033 1534 1207 1608; x_wconf 79' lang='lat'><strong>6,800,000</strong></span> <span class='ocrx_word' id='word_1_78' title='bbox 1235 1532 1373 1597; x_wconf 85' lang='lat' dir='ltr'><strong>modium</strong></span> 
     </span>
     <span class='ocr_line' id='line_1_11' title="bbox 276 1634 1373 1724; baseline 0 -22"><span class='ocrx_word' id='word_1_79' title='bbox 276 1634 407 1712; x_wconf 54' lang='lat' dir='ltr'><strong>Rornf)</strong></span> <span class='ocrx_word' id='word_1_80' title='bbox 428 1639 516 1713; x_wconf 83' lang='lat' dir='ltr'><strong>(circ.</strong></span> <span class='ocrx_word' id='word_1_81' title='bbox 547 1640 724 1716; x_wconf 67' lang='lat' dir='ltr'><strong>adaunot)</strong></span> <span class='ocrx_word' id='word_1_82' title='bbox 745 1639 830 1704; x_wconf 85' lang='lat' dir='ltr'><strong>med.</strong></span> <span class='ocrx_word' id='word_1_83' title='bbox 844 1641 1216 1724; x_wconf 70' lang='lat' dir='ltr'><strong>lberali-exportandum</strong></span> <span class='ocrx_word' id='word_1_84' title='bbox 1239 1643 1373 1705; x_wconf 86' lang='lat' dir='ltr'><strong>curavit.</strong></span> 
     </span>
     <span class='ocr_line' id='line_1_12' title="bbox 274 1744 1372 1822; baseline 0.006 -17"><span class='ocrx_word' id='word_1_85' title='bbox 274 1744 384 1822; x_wconf 84' lang='lat' dir='ltr'><strong>Atque</strong></span> <span class='ocrx_word' id='word_1_86' title='bbox 414 1744 512 1806; x_wconf 79' lang='lat' dir='ltr'><strong>etiarn</strong></span> <span class='ocrx_word' id='word_1_87' title='bbox 547 1763 632 1806; x_wconf 84' lang='lat' dir='ltr'><strong>auno</strong></span> <span class='ocrx_word' id='word_1_88' title='bbox 667 1765 740 1808; x_wconf 87' lang='lat' dir='ltr'><strong>curn</strong></span> <span class='ocrx_word' id='word_1_89' title='bbox 776 1746 900 1810; x_wconf 32' lang='lat' dir='ltr'><strong>baruca*</strong></span> <span class='ocrx_word' id='word_1_90' title='bbox 922 1756 1075 1810; x_wconf 87' lang='lat' dir='ltr'><strong>terrarum</strong></span> <span class='ocrx_word' id='word_1_91' title='bbox 1108 1744 1231 1812; x_wconf 88' lang='lat' dir='ltr'><strong>cultura</strong></span> <span class='ocrx_word' id='word_1_92' title='bbox 1263 1749 1372 1812; x_wconf 81' lang='lat' dir='ltr'><strong>mirum</strong></span> 
     </span>
     <span class='ocr_line' id='line_1_13' title="bbox 273 1850 1372 1934; baseline 0.005 -21"><span class='ocrx_word' id='word_1_93' title='bbox 273 1857 423 1930; x_wconf 75' lang='lat' dir='ltr'><strong>quantum</strong></span> <span class='ocrx_word' id='word_1_94' title='bbox 443 1850 540 1912; x_wconf 85' lang='lat' dir='ltr'><strong>distet</strong></span> <span class='ocrx_word' id='word_1_95' title='bbox 563 1853 603 1913; x_wconf 87' lang='lat' dir='ltr'><strong>ab</strong></span> <span class='ocrx_word' id='word_1_96' title='bbox 626 1852 690 1932; x_wconf 87' lang='lat' dir='ltr'><strong>illa,</strong></span> <span class='ocrx_word' id='word_1_97' title='bbox 713 1872 795 1934; x_wconf 91' lang='lat' dir='ltr'><strong>quae</strong></span> <span class='ocrx_word' id='word_1_98' title='bbox 816 1861 962 1916; x_wconf 83' lang='lat' dir='ltr'><strong>veterum</strong></span> <span class='ocrx_word' id='word_1_99' title='bbox 983 1854 1180 1934; x_wconf 84' lang='lat' dir='ltr'><strong>temporibus</strong></span> <span class='ocrx_word' id='word_1_100' title='bbox 1196 1855 1265 1934; x_wconf 89' lang='lat' dir='ltr'><strong>fuit,</strong></span> <span class='ocrx_word' id='word_1_101' title='bbox 1287 1875 1372 1918; x_wconf 85' lang='lat' dir='ltr'><strong>eve-</strong></span> 
     </span>
     <span class='ocr_line' id='line_1_14' title="bbox 272 1954 1372 2039; baseline 0.005 -19"><span class='ocrx_word' id='word_1_102' title='bbox 272 1954 391 2020; x_wconf 83' lang='lat' dir='ltr'><strong>huntur</strong></span> <span class='ocrx_word' id='word_1_103' title='bbox 413 1977 432 2017; x_wconf 92' lang='lat' dir='ltr'><strong>e</strong></span> <span class='ocrx_word' id='word_1_104' title='bbox 456 1957 566 2020; x_wconf 80' lang='lat' dir='ltr'><strong>Sicilia</strong></span> <span class='ocrx_word' id='word_1_105' title='bbox 587 1959 756 2039; x_wconf 83' lang='lat' dir='ltr'><strong>quotannis</strong></span> <span class='ocrx_word' id='word_1_106' title='bbox 778 1959 902 2022; x_wconf 88' lang='lat' dir='ltr'><strong>circiter</strong></span> <span class='ocrx_word' id='word_1_107' title='bbox 920 1961 1063 2030; x_wconf 75' lang='lat' dir='ltr'><strong>attona</strong></span> <span class='ocrx_word' id='word_1_108' title='bbox 1082 1961 1163 2024; x_wconf 82' lang='lat' dir='ltr'><strong>racd.</strong></span> <span class='ocrx_word' id='word_1_109' title='bbox 1185 1963 1286 2036; x_wconf 85' lang='lat' dir='ltr'><strong>Berol.</strong></span> <span class='ocrx_word' id='word_1_110' title='bbox 1310 1982 1372 2026; x_wconf 91' lang='lat' dir='ltr'><strong>va·</strong></span> 
     </span>
     <span class='ocr_line' id='line_1_15' title="bbox 273 2062 1372 2151; baseline 0.008 -27"><span class='ocrx_word' id='word_1_111' title='bbox 273 2062 388 2124; x_wconf 88' lang='lat' dir='ltr'><strong>riorum</strong></span> <span class='ocrx_word' id='word_1_112' title='bbox 411 2063 561 2126; x_wconf 85' lang='lat' dir='ltr'><strong>frumenti</strong></span> <span class='ocrx_word' id='word_1_113' title='bbox 582 2085 746 2147; x_wconf 82' lang='lat' dir='ltr'>generum,</span> <span class='ocrx_word' id='word_1_114' title='bbox 767 2067 945 2130; x_wconf 85' lang='lat' dir='ltr'><strong>eSardinia</strong></span> <span class='ocrx_word' id='word_1_115' title='bbox 957 2079 1076 2151; x_wconf 84' lang='lat' dir='ltr'><strong>autem,</strong></span> <span class='ocrx_word' id='word_1_116' title='bbox 1090 2070 1118 2130; x_wconf 87' lang='lat' dir='ltr'><strong>si</strong></span> <span class='ocrx_word' id='word_1_117' title='bbox 1136 2071 1239 2151; x_wconf 86' lang='lat' dir='ltr'><strong>opima</strong></span> <span class='ocrx_word' id='word_1_118' title='bbox 1257 2071 1372 2134; x_wconf 86' lang='lat' dir='ltr'><strong>messis</strong></span> 
     </span>
     <span class='ocr_line' id='line_1_16' title="bbox 271 2171 1371 2250; baseline 0.007 -18"><span class='ocrx_word' id='word_1_119' title='bbox 271 2177 336 2250; x_wconf 69' lang='lat' dir='ltr'><strong>ast,</strong></span> <span class='ocrx_word' id='word_1_120' title='bbox 359 2187 420 2242; x_wconf 90' lang='lat' dir='ltr'><strong>uno</strong></span> <span class='ocrx_word' id='word_1_121' title='bbox 444 2189 526 2233; x_wconf 85' lang='lat' dir='ltr'><strong>arrae</strong></span> <span class='ocrx_word' id='word_1_122' title='bbox 545 2171 690 2248; x_wconf 81' lang='lat'>800‚000</span> <span class='ocrx_word' id='word_1_123' title='bbox 711 2171 791 2236; x_wconf 88' lang='lat' dir='ltr'><strong>nred.</strong></span> <span class='ocrx_word' id='word_1_124' title='bbox 812 2174 916 2236; x_wconf 85' lang='lat' dir='ltr'><strong>Berol.</strong></span> <span class='ocrx_word' id='word_1_125' title='bbox 937 2175 994 2250; x_wconf 81' lang='lat' dir='ltr'><strong>[ef.</strong></span> <span class='ocrx_word' id='word_1_126' title='bbox 1013 2177 1172 2238; x_wconf 85' lang='lat' dir='ltr'><strong>Sclrubert</strong></span> <span class='ocrx_word' id='word_1_127' title='bbox 1193 2177 1371 2240; x_wconf 85' lang='lat' dir='ltr'><strong>Handbuclr</strong></span> 
     </span>
     <span class='ocr_line' id='line_1_17' title="bbox 271 2275 1369 2363; baseline 0.008 -26"><span class='ocrx_word' id='word_1_128' title='bbox 271 2275 327 2343; x_wconf 87' lang='lat' dir='ltr'><strong>der</strong></span> <span class='ocrx_word' id='word_1_129' title='bbox 356 2277 485 2358; x_wconf 76' lang='lat' dir='ltr'><strong>allgeun</strong></span> <span class='ocrx_word' id='word_1_130' title='bbox 513 2279 734 2352; x_wconf 82' lang='lat' dir='ltr'><strong>Staatskundc</strong></span> <span class='ocrx_word' id='word_1_131' title='bbox 759 2283 783 2342; x_wconf 96' lang='grc'><strong>1.</strong></span> <span class='ocrx_word' id='word_1_132' title='bbox 804 2283 901 2362; x_wconf 84' lang='lat' dir='ltr'><strong>ps.4.</strong></span> <span class='ocrx_word' id='word_1_133' title='bbox 930 2301 960 2363; x_wconf 88' lang='lat' dir='ltr'><strong>p.</strong></span> <span class='ocrx_word' id='word_1_134' title='bbox 981 2283 1021 2347; x_wconf 84' lang='grc'><strong>57</strong></span> <span class='ocrx_word' id='word_1_135' title='bbox 1044 2291 1076 2346; x_wconf 85' lang='lat' dir='ltr'><strong>et</strong></span> <span class='ocrx_word' id='word_1_136' title='bbox 1097 2283 1195 2354; x_wconf 59' lang='grc'><strong>2683.</strong></span> <span class='ocrx_word' id='word_1_137' title='bbox 1243 2285 1369 2360; x_wconf 16' lang='lat' dir='ltr'><strong>&#39;Verum</strong></span> 
     </span>
     <span class='ocr_line' id='line_1_18' title="bbox 271 2383 1370 2471; baseline 0.009 -27"><span class='ocrx_word' id='word_1_138' title='bbox 271 2383 357 2444; x_wconf 90' lang='lat' dir='ltr'><strong>utin</strong></span> <span class='ocrx_word' id='word_1_139' title='bbox 380 2383 526 2446; x_wconf 84' lang='lat' dir='ltr'><strong>Sardinia</strong></span> <span class='ocrx_word' id='word_1_140' title='bbox 547 2385 633 2448; x_wconf 89' lang='lat' dir='ltr'><strong>nulla</strong></span> <span class='ocrx_word' id='word_1_141' title='bbox 656 2384 750 2448; x_wconf 84' lang='lat' dir='ltr'><strong>fuerit</strong></span> <span class='ocrx_word' id='word_1_142' title='bbox 774 2386 844 2463; x_wconf 88' lang='lat' dir='ltr'><strong>lex,</strong></span> <span class='ocrx_word' id='word_1_143' title='bbox 873 2405 956 2468; x_wconf 83' lang='lat' dir='ltr'><strong>quae</strong></span> <span class='ocrx_word' id='word_1_144' title='bbox 970 2389 1065 2452; x_wconf 87' lang='lat' dir='ltr'><strong>&#39;alias</strong></span> <span class='ocrx_word' id='word_1_145' title='bbox 1091 2389 1120 2450; x_wconf 90' lang='lat' dir='ltr'><strong>in</strong></span> <span class='ocrx_word' id='word_1_146' title='bbox 1150 2401 1253 2452; x_wconf 88' lang='lat' dir='ltr'><strong>terras</strong></span> <span class='ocrx_word' id='word_1_147' title='bbox 1275 2409 1370 2471; x_wconf 84' lang='lat' dir='ltr'><strong>qua-m</strong></span> 
     </span>
     <span class='ocr_line' id='line_1_19' title="bbox 270 2491 1369 2579; baseline 0.008 -27"><span class='ocrx_word' id='word_1_148' title='bbox 270 2491 406 2572; x_wconf 72' lang='lat' dir='ltr'><strong>Romam</strong></span> <span class='ocrx_word' id='word_1_149' title='bbox 428 2492 620 2555; x_wconf 86' lang='lat' dir='ltr'><strong>frumentum</strong></span> <span class='ocrx_word' id='word_1_150' title='bbox 638 2495 828 2573; x_wconf 87' lang='lat' dir='ltr'><strong>comportari</strong></span> <span class='ocrx_word' id='word_1_151' title='bbox 846 2495 961 2574; x_wconf 85' lang='lat' dir='ltr'><strong>vetuit,</strong></span> <span class='ocrx_word' id='word_1_152' title='bbox 983 2503 1089 2558; x_wconf 77' lang='lat' dir='ltr'><strong>tannen</strong></span> <span class='ocrx_word' id='word_1_153' title='bbox 1107 2497 1218 2560; x_wconf 85' lang='lat' dir='ltr'><strong>iisdem</strong></span> <span class='ocrx_word' id='word_1_154' title='bbox 1235 2499 1369 2579; x_wconf 86' lang='lat' dir='ltr'><strong>publicis</strong></span> 
     </span>
     <span class='ocr_line' id='line_1_20' title="bbox 270 2603 1369 2687; baseline 0.007 -25"><span class='ocrx_word' id='word_1_155' title='bbox 270 2603 418 2676; x_wconf 77' lang='lat' dir='ltr'><strong>frumenti</strong></span> <span class='ocrx_word' id='word_1_156' title='bbox 439 2603 660 2664; x_wconf 75' lang='lat' dir='ltr'><strong>collationibus</strong></span> <span class='ocrx_word' id='word_1_157' title='bbox 680 2622 721 2666; x_wconf 85' lang='lat' dir='ltr'><strong>ac</strong></span> <span class='ocrx_word' id='word_1_158' title='bbox 741 2604 850 2667; x_wconf 85' lang='lat' dir='ltr'><strong>Sicilia</strong></span> <span class='ocrx_word' id='word_1_159' title='bbox 870 2604 1015 2666; x_wconf 88' lang='lat' dir='ltr'><strong>subiecta</strong></span> <span class='ocrx_word' id='word_1_160' title='bbox 1028 2605 1087 2666; x_wconf 85' lang='lat' dir='ltr'><strong>fuit</strong></span> <span class='ocrx_word' id='word_1_161' title='bbox 1101 2605 1182 2666; x_wconf 89' lang='lat' dir='ltr'><strong>haec</strong></span> <span class='ocrx_word' id='word_1_162' title='bbox 1194 2607 1369 2687; x_wconf 82' lang='lat' dir='ltr'><strong>provincia.</strong></span> 
     </span>
     <span class='ocr_line' id='line_1_21' title="bbox 271 2707 1369 2792; baseline 0.002 -20"><span class='ocrx_word' id='word_1_163' title='bbox 271 2710 440 2788; x_wconf 78' lang='lat' dir='ltr'><strong>Narnnon</strong></span> <span class='ocrx_word' id='word_1_164' title='bbox 462 2709 565 2771; x_wconf 88' lang='lat' dir='ltr'><strong>solum</strong></span> <span class='ocrx_word' id='word_1_165' title='bbox 587 2709 731 2791; x_wconf 81' lang='lat' dir='ltr'><strong>vectigal</strong></span> <span class='ocrx_word' id='word_1_166' title='bbox 752 2707 953 2772; x_wconf 79' lang='lat' dir='ltr'><strong>decumarum</strong></span> <span class='ocrx_word' id='word_1_167' title='bbox 976 2716 1045 2772; x_wconf 82' lang='lat' dir='ltr'><strong>tota</strong></span> <span class='ocrx_word' id='word_1_168' title='bbox 1072 2709 1175 2772; x_wconf 87' lang='lat' dir='ltr'><strong>insula</strong></span> <span class='ocrx_word' id='word_1_169' title='bbox 1201 2711 1369 2792; x_wconf 81' lang='lat' dir='ltr'><strong>pendebat,</strong></span> 
     </span>
     <span class='ocr_line' id='line_1_22' title="bbox 268 2817 1367 2906; baseline 0 -24"><span class='ocrx_word' id='word_1_170' title='bbox 268 2817 629 2906; x_wconf 81' lang='lat' dir='ltr'><strong>sedpraetoreaetiarn</strong></span> <span class='ocrx_word' id='word_1_171' title='bbox 659 2817 964 2879; x_wconf 81' lang='lat' dir='ltr'><strong>alterae-decumae</strong></span> <span class='ocrx_word' id='word_1_172' title='bbox 988 2819 1019 2878; x_wconf 94' lang='lat' dir='ltr'><strong>ei</strong></span> <span class='ocrx_word' id='word_1_173' title='bbox 1045 2817 1200 2880; x_wconf 87' lang='lat' dir='ltr'><strong>interdurn</strong></span> <span class='ocrx_word' id='word_1_174' title='bbox 1228 2821 1367 2900; x_wconf 77' lang='lat' dir='ltr'><strong>inopera-¹</strong></span> 
     </span>
     <span class='ocr_line' id='line_1_23' title="bbox 269 2925 1367 3009; baseline 0.002 -18"><span class='ocrx_word' id='word_1_175' title='bbox 269 2925 403 3004; x_wconf 75' lang='lat' dir='ltr'><strong>bantur,</strong></span> <span class='ocrx_word' id='word_1_176' title='bbox 423 2943 493 3005; x_wconf 53' lang='lat' dir='ltr'><strong>“pro</strong></span> <span class='ocrx_word' id='word_1_177' title='bbox 524 2926 637 3004; x_wconf 88' lang='lat' dir='ltr'><strong>quibus</strong></span> <span class='ocrx_word' id='word_1_178' title='bbox 668 2925 802 3005; x_wconf 85' lang='lat' dir='ltr'><strong>pretium</strong></span> <span class='ocrx_word' id='word_1_179' title='bbox 824 2944 843 2987; x_wconf 93' lang='lat' dir='ltr'><strong>a</strong></span> <span class='ocrx_word' id='word_1_180' title='bbox 865 2933 981 2998; x_wconf 80' lang='lat' dir='ltr'><strong>senatu</strong></span> <span class='ocrx_word' id='word_1_181' title='bbox 1004 2928 1211 2990; x_wconf 86' lang='lat' dir='ltr'><strong>constitutum</strong></span> <span class='ocrx_word' id='word_1_182' title='bbox 1233 2930 1367 3009; x_wconf 66' lang='lat' dir='ltr'><strong>provin«.</strong></span> 
     </span>
     <span class='ocr_line' id='line_1_24' title="bbox 267 3032 1365 3115; baseline 0.004 -19"><span class='ocrx_word' id='word_1_183' title='bbox 267 3032 402 3096; x_wconf 71' lang='lat' dir='ltr'><strong>artibus</strong></span> <span class='ocrx_word' id='word_1_184' title='bbox 423 3033 608 3096; x_wconf 79' lang='lat' dir='ltr'><strong>solvebatur</strong></span> <span class='ocrx_word' id='word_1_185' title='bbox 630 3033 957 3115; x_wconf 75' lang='lat' dir='ltr'><strong>(Ltv.xxxv1.a‚</strong></span> <span class='ocrx_word' id='word_1_186' title='bbox 978 3036 1194 3101; x_wconf 73' lang='lat' dir='ltr'><strong>xxxviia.</strong></span> <span class='ocrx_word' id='word_1_187' title='bbox 1208 3048 1271 3102; x_wconf 75' lang='lat' dir='ltr'><strong>etc.</strong></span> <span class='ocrx_word' id='word_1_188' title='bbox 1294 3035 1365 3111; x_wconf 63' lang='lat' dir='ltr'><strong>,Ci‘c</strong></span> 
     </span>
    </p>
   </div>
   <div class='ocr_carea' id='block_1_3' title="bbox 267 3139 1428 3225">
    <p class='ocr_par' dir='ltr' id='par_1_3' title="bbox 267 3139 1428 3225">
     <span class='ocr_line' id='line_1_25' title="bbox 267 3139 1428 3225; baseline 0.002 -20"><span class='ocrx_word' id='word_1_189' title='bbox 267 3139 773 3221; x_wconf 70' lang='lat' dir='ltr'><strong>nverr.111.12,13316,77.).</strong></span> <span class='ocrx_word' id='word_1_190' title='bbox 815 3143 859 3206; x_wconf 73' lang='lat' dir='ltr'><strong>Et</strong></span> <span class='ocrx_word' id='word_1_191' title='bbox 879 3161 1027 3224; x_wconf 85' lang='lat' dir='ltr'><strong>magnam</strong></span> <span class='ocrx_word' id='word_1_192' title='bbox 1047 3144 1171 3225; x_wconf 88' lang='lat' dir='ltr'><strong>quidem</strong></span> <span class='ocrx_word' id='word_1_193' title='bbox 1193 3145 1223 3206; x_wconf 90' lang='lat' dir='ltr'><strong>in</strong></span> <span class='ocrx_word' id='word_1_194' title='bbox 1244 3153 1366 3224; x_wconf 83' lang='lat' dir='ltr'><strong>partem</strong></span> <span class='ocrx_word' id='word_1_195' title='bbox 1421 3147 1428 3160; x_wconf 90' lang='lat'><em>&#39;</em></span> 
     </span>
    </p>
   </div>
   <div class='ocr_carea' id='block_1_4' title="bbox 263 3247 1366 3871">
    <p class='ocr_par' dir='ltr' id='par_1_4' title="bbox 263 3247 1366 3871">
     <span class='ocr_line' id='line_1_26' title="bbox 267 3247 1366 3318; baseline 0.001 -7"><span class='ocrx_word' id='word_1_196' title='bbox 267 3247 329 3311; x_wconf 84' lang='lat' dir='ltr'><strong>bae</strong></span> <span class='ocrx_word' id='word_1_197' title='bbox 351 3247 511 3318; x_wconf 78' lang='lat' dir='ltr'><strong>decernere</strong></span> <span class='ocrx_word' id='word_1_198' title='bbox 528 3249 568 3311; x_wconf 91' lang='lat' dir='ltr'><strong>ad</strong></span> <span class='ocrx_word' id='word_1_199' title='bbox 590 3249 756 3312; x_wconf 89' lang='lat' dir='ltr'><strong>exercitus</strong></span> <span class='ocrx_word' id='word_1_200' title='bbox 777 3250 909 3314; x_wconf 89' lang='lat' dir='ltr'><strong>alendos</strong></span> <span class='ocrx_word' id='word_1_201' title='bbox 931 3250 1091 3312; x_wconf 75' lang='lat' dir='ltr'><strong>adhibitae</strong></span> <span class='ocrx_word' id='word_1_202' title='bbox 1115 3269 1189 3313; x_wconf 89' lang='lat' dir='ltr'><strong>esse</strong></span> <span class='ocrx_word' id='word_1_203' title='bbox 1210 3250 1366 3313; x_wconf 87' lang='lat' dir='ltr'><strong>videntur.</strong></span> 
     </span>
     <span class='ocr_line' id='line_1_27' title="bbox 268 3358 1366 3434; baseline 0 -12"><span class='ocrx_word' id='word_1_204' title='bbox 268 3359 326 3422; x_wconf 91' lang='lat' dir='ltr'><strong>Sic</strong></span> <span class='ocrx_word' id='word_1_205' title='bbox 355 3358 470 3420; x_wconf 81' lang='lat' dir='ltr'><strong>Livius</strong></span> <span class='ocrx_word' id='word_1_206' title='bbox 492 3359 680 3432; x_wconf 84' lang='lat' dir='ltr'><strong>(XXXVll.</strong></span> <span class='ocrx_word' id='word_1_207' title='bbox 709 3359 780 3434; x_wconf 76' lang='lat'><strong>50.)</strong></span> <span class='ocrx_word' id='word_1_208' title='bbox 810 3369 915 3422; x_wconf 85' lang='lat' dir='ltr'><strong>narrat</strong></span> <span class='ocrx_word' id='word_1_209' title='bbox 944 3368 978 3421; x_wconf 87' lang='lat' dir='ltr'><strong>ct</strong></span> <span class='ocrx_word' id='word_1_210' title='bbox 1006 3361 1116 3424; x_wconf 89' lang='lat' dir='ltr'><strong>solitas</strong></span> <span class='ocrx_word' id='word_1_211' title='bbox 1148 3360 1301 3424; x_wconf 87' lang='lat' dir='ltr'><strong>decumas</strong></span> <span class='ocrx_word' id='word_1_212' title='bbox 1332 3369 1366 3422; x_wconf 83' lang='lat' dir='ltr'><strong>et</strong></span> 
     </span>
     <span class='ocr_line' id='line_1_28' title="bbox 265 3463 1365 3548; baseline 0.002 -20"><span class='ocrx_word' id='word_1_213' title='bbox 265 3463 395 3546; x_wconf 74' lang='lat' dir='ltr'><strong>insuper</strong></span> <span class='ocrx_word' id='word_1_214' title='bbox 414 3465 533 3528; x_wconf 88' lang='lat' dir='ltr'><strong>alteras</strong></span> <span class='ocrx_word' id='word_1_215' title='bbox 550 3463 687 3528; x_wconf 86' lang='lat' dir='ltr'><strong>indictas</strong></span> <span class='ocrx_word' id='word_1_216' title='bbox 708 3465 749 3526; x_wconf 90' lang='lat' dir='ltr'><strong>ab</strong></span> <span class='ocrx_word' id='word_1_217' title='bbox 771 3473 903 3546; x_wconf 88' lang='lat' dir='ltr'><strong>utraque</strong></span> <span class='ocrx_word' id='word_1_218' title='bbox 923 3466 1025 3527; x_wconf 86' lang='lat' dir='ltr'><strong>insula</strong></span> <span class='ocrx_word' id='word_1_219' title='bbox 1045 3467 1076 3528; x_wconf 91' lang='lat' dir='ltr'><strong>in</strong></span> <span class='ocrx_word' id='word_1_220' title='bbox 1095 3469 1292 3548; x_wconf 87' lang='lat' dir='ltr'><strong>provincias,</strong></span> <span class='ocrx_word' id='word_1_221' title='bbox 1312 3467 1365 3536; x_wconf 83' lang='lat' dir='ltr'><strong>abi</strong></span> 
     </span>
     <span class='ocr_line' id='line_1_29' title="bbox 266 3571 1364 3654; baseline 0.005 -20"><span class='ocrx_word' id='word_1_222' title='bbox 266 3571 382 3644; x_wconf 82' lang='lat' dir='ltr'><strong>bellum</strong></span> <span class='ocrx_word' id='word_1_223' title='bbox 396 3571 570 3654; x_wconf 84' lang='lat' dir='ltr'><strong>gerebatur</strong></span> <span class='ocrx_word' id='word_1_224' title='bbox 593 3579 817 3651; x_wconf 84' lang='lat' dir='ltr'><strong>comportatas</strong></span> <span class='ocrx_word' id='word_1_225' title='bbox 831 3589 918 3651; x_wconf 87' lang='lat' dir='ltr'><strong>esse,</strong></span> <span class='ocrx_word' id='word_1_226' title='bbox 940 3572 1001 3634; x_wconf 89' lang='lat' dir='ltr'><strong>alio</strong></span> <span class='ocrx_word' id='word_1_227' title='bbox 1023 3584 1129 3636; x_wconf 85' lang='lat' dir='ltr'><strong>antem</strong></span> <span class='ocrx_word' id='word_1_228' title='bbox 1152 3575 1223 3638; x_wconf 89' lang='lat' dir='ltr'><strong>loco</strong></span> <span class='ocrx_word' id='word_1_229' title='bbox 1246 3577 1364 3640; x_wconf 84' lang='lat' dir='ltr'><strong>alteras</strong></span> 
     </span>
     <span class='ocr_line' id='line_1_30' title="bbox 264 3678 1364 3760; baseline 0.001 -17"><span class='ocrx_word' id='word_1_230' title='bbox 264 3687 407 3758; x_wconf 77' lang='lat' dir='ltr'><strong>tautum,</strong></span> <span class='ocrx_word' id='word_1_231' title='bbox 440 3698 524 3760; x_wconf 86' lang='lat' dir='ltr'><strong>qaae</strong></span> <span class='ocrx_word' id='word_1_232' title='bbox 553 3678 635 3748; x_wconf 89' lang='lat' dir='ltr'><strong>ultra</strong></span> <span class='ocrx_word' id='word_1_233' title='bbox 662 3680 776 3742; x_wconf 89' lang='lat' dir='ltr'><strong>solitas</strong></span> <span class='ocrx_word' id='word_1_234' title='bbox 802 3685 891 3740; x_wconf 88' lang='lat' dir='ltr'><strong>eraut</strong></span> <span class='ocrx_word' id='word_1_235' title='bbox 909 3679 1105 3760; x_wconf 83' lang='lat' dir='ltr'><strong>imperatae,</strong></span> <span class='ocrx_word' id='word_1_236' title='bbox 1134 3683 1166 3742; x_wconf 91' lang='lat' dir='ltr'><strong>in</strong></span> <span class='ocrx_word' id='word_1_237' title='bbox 1188 3691 1290 3750; x_wconf 86' lang='lat' dir='ltr'><strong>terras</strong></span> <span class='ocrx_word' id='word_1_238' title='bbox 1312 3683 1364 3747; x_wconf 89' lang='lat' dir='ltr'><strong>ubi</strong></span> 
     </span>
     <span class='ocr_line' id='line_1_31' title="bbox 263 3785 1364 3871; baseline 0.005 -22"><span class='ocrx_word' id='word_1_239' title='bbox 263 3785 453 3860; x_wconf 81' lang='lat' dir='ltr'><strong>bellisedes</strong></span> <span class='ocrx_word' id='word_1_240' title='bbox 475 3786 697 3860; x_wconf 69' lang='lat' dir='ltr'><strong>statuisses</strong></span> <span class='ocrx_word' id='word_1_241' title='bbox 718 3803 794 3850; x_wconf 89' lang='lat' dir='ltr'><strong>esse</strong></span> <span class='ocrx_word' id='word_1_242' title='bbox 815 3785 892 3848; x_wconf 89' lang='lat' dir='ltr'><strong>dicit</strong></span> <span class='ocrx_word' id='word_1_243' title='bbox 910 3787 1116 3868; x_wconf 72' lang='grc'><strong>(14111131.)</strong></span> <span class='ocrx_word' id='word_1_244' title='bbox 1139 3799 1172 3852; x_wconf 88' lang='lat' dir='ltr'><strong>et</strong></span> <span class='ocrx_word' id='word_1_245' title='bbox 1194 3791 1364 3871; x_wconf 83' lang='lat' dir='ltr'><strong>aliquoties</strong></span> 
     </span>
    </p>
   </div>
   <div class='ocr_carea' id='block_1_5' title="bbox 265 3891 1388 3989">
    <p class='ocr_par' dir='ltr' id='par_1_5' title="bbox 265 3891 1388 3989">
     <span class='ocr_line' id='line_1_32' title="bbox 265 3891 1388 3989; baseline 0.002 -33"><span class='ocrx_word' id='word_1_246' title='bbox 265 3891 386 3959; x_wconf 88' lang='lat' dir='ltr'><strong>diserta</strong></span> <span class='ocrx_word' id='word_1_247' title='bbox 397 3892 540 3962; x_wconf 85' lang='lat' dir='ltr'><strong>declarat</strong></span> <span class='ocrx_word' id='word_1_248' title='bbox 552 3901 674 3974; x_wconf 82' lang='lat' dir='ltr'><strong>partem</strong></span> <span class='ocrx_word' id='word_1_249' title='bbox 686 3911 799 3959; x_wconf 83' lang='lat' dir='ltr'><strong>aarum</strong></span> <span class='ocrx_word' id='word_1_250' title='bbox 808 3891 945 3964; x_wconf 80' lang='lat' dir='ltr'><strong>Romam</strong></span> <span class='ocrx_word' id='word_1_251' title='bbox 956 3911 1031 3958; x_wconf 81' lang='lat' dir='ltr'><strong>asse</strong></span> <span class='ocrx_word' id='word_1_252' title='bbox 1047 3896 1173 3960; x_wconf 85' lang='lat' dir='ltr'><strong>allatam</strong></span> <span class='ocrx_word' id='word_1_253' title='bbox 1184 3897 1360 3970; x_wconf 73' lang='lat' dir='ltr'><strong>(XXXVI‘.</strong></span> <span class='ocrx_word' id='word_1_254' title='bbox 1384 3983 1388 3989; x_wconf 83' lang='lat'><em>.</em></span> 
     </span>
    </p>
   </div>
   <div class='ocr_carea' id='block_1_6' title="bbox 280 4127 1112 4237">
    <p class='ocr_par' dir='ltr' id='par_1_6' title="bbox 280 4127 1112 4237">
     <span class='ocr_line' id='line_1_33' title="bbox 280 4127 1112 4237; baseline 0.006 -30"><span class='ocrx_word' id='word_1_255' title='bbox 280 4127 308 4212; x_wconf 86' lang='grc'><strong>1)</strong></span> <span class='ocrx_word' id='word_1_256' title='bbox 326 4155 361 4205; x_wconf 80' lang='lat' dir='ltr'><strong>cl.</strong></span> <span class='ocrx_word' id='word_1_257' title='bbox 379 4147 498 4206; x_wconf 84' lang='lat' dir='ltr'><strong>Nlebtrtrr</strong></span> <span class='ocrx_word' id='word_1_258' title='bbox 514 4127 658 4220; x_wconf 74' lang='lat' dir='ltr'><strong>Vortrbge</strong></span> <span class='ocrx_word' id='word_1_259' title='bbox 671 4127 740 4208; x_wconf 84' lang='lat' dir='ltr'><strong>iiber</strong></span> <span class='ocrx_word' id='word_1_260' title='bbox 759 4157 825 4208; x_wconf 79' lang='lat' dir='ltr'><strong>rin.</strong></span> <span class='ocrx_word' id='word_1_261' title='bbox 846 4129 992 4209; x_wconf 67' lang='lat' dir='ltr'><strong>tresenti.</strong></span> <span class='ocrx_word' id='word_1_262' title='bbox 1006 4169 1036 4237; x_wconf 76' lang='lat' dir='ltr'><strong>p.</strong></span> <span class='ocrx_word' id='word_1_263' title='bbox 1053 4153 1112 4212; x_wconf 81' lang='grc'><strong>264.</strong></span> 
     </span>
    </p>
   </div>
   <div class='ocr_carea' id='block_1_7' title="bbox 276 4243 1429 4318">
    <p class='ocr_par' dir='ltr' id='par_1_7' title="bbox 276 4243 1429 4318">
     <span class='ocr_line' id='line_1_34' title="bbox 276 4243 1429 4318; baseline 0.005 -18"><span class='ocrx_word' id='word_1_264' title='bbox 276 4243 307 4304; x_wconf 86' lang='grc'><strong>2)</strong></span> <span class='ocrx_word' id='word_1_265' title='bbox 326 4243 412 4296; x_wconf 81' lang='lat' dir='ltr'><strong>Cicer.</strong></span> <span class='ocrx_word' id='word_1_266' title='bbox 430 4246 657 4302; x_wconf 81' lang='lat' dir='ltr'><strong>inVerr.111‚72.</strong></span> <span class='ocrx_word' id='word_1_267' title='bbox 675 4248 804 4318; x_wconf 80' lang='lat'>3000,000</span> <span class='ocrx_word' id='word_1_268' title='bbox 821 4265 835 4300; x_wconf 92' lang='lat' dir='ltr'><strong>e</strong></span> <span class='ocrx_word' id='word_1_269' title='bbox 853 4251 954 4312; x_wconf 78' lang='lat' dir='ltr'><strong>primis,</strong></span> <span class='ocrx_word' id='word_1_270' title='bbox 972 4255 1127 4304; x_wconf 70' lang='lat' dir='ltr'><strong>natandenr</strong></span> <span class='ocrx_word' id='word_1_271' title='bbox 1140 4265 1178 4304; x_wconf 80' lang='lat' dir='ltr'><strong>ex</strong></span> <span class='ocrx_word' id='word_1_272' title='bbox 1195 4253 1292 4306; x_wconf 84' lang='lat' dir='ltr'><strong>alteris</strong></span> <span class='ocrx_word' id='word_1_273' title='bbox 1309 4257 1361 4306; x_wconf 84' lang='lat' dir='ltr'><strong>de-</strong></span> <span class='ocrx_word' id='word_1_274' title='bbox 1424 4271 1429 4280; x_wconf 82' lang='lat'>·</span> 
     </span>
    </p>
   </div>
   <div class='ocr_carea' id='block_1_8' title="bbox 326 4335 1002 4412">
    <p class='ocr_par' dir='ltr' id='par_1_8' title="bbox 326 4335 1002 4412">
     <span class='ocr_line' id='line_1_35' title="bbox 326 4335 1002 4412; baseline 0.012 -26"><span class='ocrx_word' id='word_1_275' title='bbox 326 4335 421 4398; x_wconf 75' lang='lat' dir='ltr'><strong>cunis·</strong></span> <span class='ocrx_word' id='word_1_276' title='bbox 435 4337 547 4412; x_wconf 71' lang='lat' dir='ltr'><strong>bbbbbti</strong></span> <span class='ocrx_word' id='word_1_277' title='bbox 564 4341 680 4394; x_wconf 79' lang='lat' dir='ltr'><strong>modium</strong></span> <span class='ocrx_word' id='word_1_278' title='bbox 698 4340 827 4394; x_wconf 74' lang='lat' dir='ltr'><strong>immenti</strong></span> <span class='ocrx_word' id='word_1_279' title='bbox 844 4340 982 4406; x_wconf 61' lang='lat' dir='ltr'><strong>innuant·</strong></span> <span class='ocrx_word' id='word_1_280' title='bbox 999 4349 1002 4357; x_wconf 84' lang='lat'>·</span> 
     </span>
    </p>
   </div>
   <div class='ocr_carea' id='block_1_9' title="bbox 0 0 1590 5014">
    <p class='ocr_par' dir='ltr' id='par_1_9' title="bbox 0 0 1590 5014">
     <span class='ocr_line' id='line_1_36' title="bbox 0 0 1590 5014; baseline 0 7"><span class='ocrx_word' id='word_1_281' title='bbox 0 0 1590 5014; x_wconf 95' lang='lat' dir='ltr'><strong> </strong></span> 
     </span>
    </p>
   </div>
   <div class='ocr_carea' id='block_1_10' title="bbox 1579 1947 1581 2062">
    <p class='ocr_par' dir='ltr' id='par_1_10' title="bbox 1579 1923 1581 2062">
     <span class='ocr_line' id='line_1_37' title="bbox 1579 1947 1581 2062; baseline 0 0"><span class='ocrx_word' id='word_1_282' title='bbox 1579 1947 1581 2062; x_wconf 81' lang='lat' dir='ltr'><strong>i</strong></span> 
     </span>
    </p>
   </div>
  </div>
 </body>
</html>
