3172 5014
640 512 848 578 ..31-

200 703 360 785 pamfatim
381 702 413 764 iu
434 700 592 782 pecuniae
613 699 729 762 tributa
744 713 923 762 couversos
934 715 1011 762 esse
1025 698 1068 777 ¹),
1092 715 1164 763 eaor
1178 709 1213 763 et
1229 699 1301 780 ipse

199 811 262 874 iam
282 810 365 874 vidit
385 811 415 872 in
438 810 624 891 Aegyptum
657 827 720 870 noa
743 804 933 889 quadrare²)
967 815 1001 869 et
1021 805 1062 868 de
1083 807 1155 871 aliis
1177 825 1304 889 quoque

200 922 294 984 terris
321 919 507 981 Husobbius
536 917 742 986 refutavit³).
790 914 926 977 Accedit
956 915 1049 976 etiarn
1081 933 1185 990 nunc,
1221 914 1305 996 quod

198 1027 300 1089 verba
313 1027 434 1109 Hygini
446 1025 611 1106 gramatici
624 1044 653 1104 p.
672 1023 739 1085 fii&
750 1022 790 1083 ed
805 1019 920 1101 Goon,
942 1022 1059 1104 quibus
1072 1023 1303 1106 gravissimum

200 1148 420 1215 argumentum
437 1132 555 1213 nititur,
578 1130 660 1213 qaod
674 1131 957 1211 Sevigny‘ettuiit,
971 1147 1174 1212 nequaquam
1192 1147 1304 1212 „nuno
1339 1203 1341 1206 .

201 1242 290 1303 molti
310 1237 498 1322 pecuniam“
528 1238 586 1301 sed
608 1257 627 1300 e
647 1237 845 1299 Lachmann!
867 1239 1054 1300 recensione
1075 1257 1105 1320 p.
1126 1238 1201 1302 205.
1228 1237 1306 1318 „alii

199 1344 395 1428 pecuniam“
412 1345 580 1409 scribenda
603 1354 696 1428 sunt,
717 1346 761 1407 ita
781 1355 817 1408 nt
838 1365 879 1406 ex
894 1347 942 1407 eis
963 1345 1134 1427 quidquam
1163 1345 1204 1408 do
1225 1364 1306 1409 con-

200 1459 348 1521 versione
369 1457 572 1519 decumarum
594 1457 625 1518 iu
647 1457 813 1537 pecuniam
837 1455 943 1536 colligi
965 1463 1111 1537 nequeat.
1130 1485 1172 1500 -
1188 1454 1307 1534 Neque

198 1567 350 1629 amisisse
382 1565 522 1628 Siciliam
561 1573 594 1626 ct
624 1564 803 1628 Sardiniam
833 1563 988 1624 ubertatis
1021 1560 1157 1626 laudern
1182 1561 1306 1624 Lucani

200 1691 317 1734 versus
339 1680 497 1734 testantur
519 1670 630 1733 Phars.
652 1671 709 1734 111.
733 1691 766 1735 v.
789 1669 839 1735 65.
862 1687 932 1750 sqq.
952 1671 1120 1750 „Utraque
1141 1668 1306 1750 frugiferis

199 1789 250 1844 ost
271 1783 374 1843 insula
395 1780 509 1842 nobilis
529 1777 643 1843 arvie“
665 1788 737 1855 etc,
759 1797 950 1860 quamquam
962 1778 1182 1859 magnitudine
1198 1778 1307 1840 tributi

199 1885 393 1948 frumentarii
421 1889 484 1946 iant
513 1882 643 1947 multum
673 1884 867 1964 superabant
889 1883 948 1945 has
976 1883 1100 1945 insufas
1127 1883 1210 1946 aliae
1229 1903 1307 1963 pro-

201 1995 344 2073 vinciae,
364 1995 446 2053 inter
467 2010 549 2074 quos
571 1993 671 2074 primo
693 1991 1032 2054 ioconominaudacst
1056 1991 1177 2054 Africa
1200 1989 1304 2053 Cuius

199 2109 304 2163 terrae
328 2117 398 2161 cum
423 2117 541 2179 magna
561 2115 634 2178 pars
655 2109 729 2179 post
751 2099 875 2160 tertium
898 2099 1014 2160 beilum
1046 2098 1198 2162 Punicum
1223 2118 1304 2179 pro·
1337 2157 1341 2162 .

200 2209 305 2271 vincia
327 2214 415 2270 esset
437 2207 522 2269 facta
544 2205 710 2284 Romana,
739 2206 807 2266 aliis
832 2205 1015 2266 civitatibus
1035 2212 1121 2266 teste
1144 2205 1304 2268 Cicerone

200 2324 321 2398 eertum
345 2315 500 2396 pecuniae
522 2312 663 2394 vectigal
685 2322 735 2374 est
750 2314 944 2393 impositura,
966 2311 1304 2394 quodetipendiarinnt

200 2427 374 2502 dicebatur,
407 2425 490 2488 aliae
516 2423 940 2489 autemsuntoecummee
962 2421 1117 2496 tremet).
1160 2419 1304 2497 Quarum

199 2533 354 2606 decumae
374 2533 497 2595 Romae
518 2550 539 2593 a
561 2531 748 2592 censoribus
768 2530 988 2592 vendebantur
1003 2539 1036 2592 et
1048 2537 1162 2609 postea
1174 2527 1302 2607 quidem

198 2641 243 2702 ita
256 2645 288 2701 nt
301 2642 466 2720 mancipes
475 2639 535 2719 ipsi
548 2639 737 2698 frumentum
752 2636 887 2698 Romam
902 2635 1088 2698 mittendum
1111 2637 1302 2708 cunctandi.

199 2746 268 2810 Sed
291 2748 321 2807 in
349 2750 451 2827 prima
478 2745 601 2806 saecuti
624 2744 751 2824 septimi
780 2754 875 2825 parte
892 2744 949 2806 vix
977 2746 1107 2807 multum
1141 2742 1213 2806 inde
1234 2734 1305 2804 urbi

197 2846 397 2915 redundasse
419 2852 542 2915 fructus
561 2859 651 2932 puto,
674 2851 748 2931 quia
771 2859 804 2912 ct
825 2867 973 2933 agrorum
986 2852 1207 2914 Africanorum
1230 2850 1304 2911 cul·

198 2970 269 3021 tura
290 2961 363 3020 beili
384 2959 497 3021 Punici
518 2957 914 3038 locastarnmqocruagnis
930 2957 1203 3022 devastationibus
1220 2959 1304 3020 mol-

198 3076 265 3127 tam
286 3084 306 3127 a
328 3065 432 3144 priore
454 3066 575 3126 virtute
587 3061 772 3124 desoiverat
779 3064 808 3134 ⁶)
824 3073 857 3124 et
869 3064 901 3124 in
911 3063 980 3143 ipsa
995 3063 1170 3143 provincia,
1190 3062 1305 3143 quippe

197 3188 282 3252 quac
303 3168 444 3230 continui
465 3167 535 3228 fere
556 3166 628 3227 beiti
657 3164 755 3228 sedes
788 3157 891 3240 esset,
924 3186 942 3228 a
966 3167 1181 3230 Romanorum
1205 3186 1304 3228 exer·-

198 3276 315 3338 oitibns
337 3292 473 3355 magnae
495 3271 643 3334 frumeuti
677 3271 790 3352 copiae
820 3272 1095 3336 consumebantur·
1147 3273 1214 3337 Sed
1240 3274 1303 3336 iam

199 3379 313 3442 Cicero
335 3379 366 3440 in
390 3379 533 3438 oratione
554 3396 612 3457 pro
641 3375 945 3458 imperio-Pompeii
978 3396 1048 3459 cap.
1072 3379 1119 3442 ta.
1142 3396 1212 3442 eam
1235 3399 1306 3446 oum

199 3487 311 3552 Sicilia
328 3493 366 3550 ,et
395 3483 542 3548 Sardinia
572 3482 656 3562 „tria
688 3483 891 3552 frumentaria
920 3483 1064 3547 subsidia
1091 3485 1310 3566 reipublicae“

200 3593 342 3656 nominat
362 3599 459 3671 atque
481 3590 586 3672 paullo
608 3599 683 3672 post
706 3591 854 3656 tributum
864 3592 1115 3668 frumentarium,
1124 3591 1208 3673 quod
1222 3592 1304 3656 haee

197 3742 449 3763 W

214 3833 246 3898 1)
263 3829 389 3894 savigny
406 3841 490 3880 roera.
514 3830 760 3896 steuervertassg„
777 3843 862 3882 verta.
881 3831 1016 3883 Schriften
1036 3833 1055 3882 t.
1075 3833 1108 3884 tt.
1125 3834 1302 3896 maa-102.

216 3923 251 3986 2)
270 3923 288 3971 1.
305 3923 325 3971 l.
345 3937 370 3984 o·
391 3921 452 3974 too.
585 3921 616 3986 3)
635 3922 654 3971 i.
673 3923 692 3971 l.
713 3938 737 3984 p.
755 3924 874 3974 22-26.
892 3938 917 3985 p.
935 3926 980 3973 85.

215 4015 248 4073 4)
268 4011 326 4069 Cic,
343 4015 370 4064 iu
389 4015 469 4064 Verr.
487 4014 534 4063 ttt.
555 4016 580 4063 o.
600 4027 648 4078 pro
666 4014 753 4065 Balbo
771 4018 799 4078 9,
818 4015 863 4066 ts.
881 4017 933 4066 ab.
949 4013 1095 4068 Rudatffd.
1113 4015 1301 4081 Aekcrgcseia

202 4157 205 4164 ,
254 4109 290 4160 d.
308 4109 356 4169 Sp.
374 4109 496 4172 Thorius,
515 4108 640 4158 ztaobrst
658 4108 676 4157 f.
694 4109 787 4172 gesem
802 4107 1064 4162 licobtawfssensob.
1079 4110 1135 4160 vol.
1153 4112 1187 4160 X.
1204 4123 1231 4172 p.
1251 4111 1303 4160 ab.

214 4197 246 4262 b)
264 4201 354 4249 Varro
372 4199 403 4247 de
421 4211 452 4247 re
469 4203 535 4250 rust.
555 4195 590 4247 11.
608 4201 635 4248 3.
647 4214 655 4251 z
668 4199 855 4263 „tramutata
873 4199 1004 4266 locamus,
1015 4245 1018 4248 .
1031 4201 1078 4265 qni
1094 4201 1174 4253 nobis
1189 4203 1224 4251 ad
1248 4214 1301 4251 ve-

264 4290 320 4350 bat,
337 4289 382 4350 quf
399 4289 599 4344 satoridaurus
618 4303 652 4341 ex
668 4291 765 4347 Africa
784 4295 813 4342 at
828 4289 985 4342 samnia.“

213 4381 245 4438 d)
263 4379 378 4430 andorn
392 4380 412 4429 l.
430 4380 450 4430 i.
466 4393 491 4443 ιι.
511 4383 557 4432 98.
635 4429 637 4434 ,
