3172 5014
729 471 937 534 ...10-

281 661 387 744 legem
411 677 466 724 our
486 667 618 724 senatus
650 657 710 722 sibi
740 657 919 738 scripserit,
947 658 1033 720 nullo
1063 656 1157 721 modo
1183 657 1382 740 perspicitur.

279 773 364 838 Nam
387 789 459 834 cum
482 769 626 834 decumis
654 787 805 853 perquam
836 767 986 831 diversae
1007 768 1153 831 frumeuti
1175 755 1287 849 copiae
1308 786 1383 849 pro-

279 879 424 943 venirent
434 883 462 951 ¹)
493 897 597 960 oeque
629 877 790 939 exercitus
821 873 958 937 Romani
986 873 1099 938 codem
1131 892 1259 957 semper
1286 875 1383 938 ruodo

280 984 513 1050 commeatibus
539 991 692 1067 egerent,
725 1000 788 1044 non
815 981 919 1062 potuit
946 998 1010 1041 non
1040 978 1126 1054 lieri,
1155 988 1191 1042 ot
1215 997 1299 1060 quae
1321 997 1382 1042 noo

281 1111 365 1154 anuo
388 1092 573 1156 necessaria
596 1099 685 1152 esset
706 1087 803 1152 emtio
825 1087 993 1168 frumenti,
1015 1086 1078 1148 alio
1104 1104 1236 1167 prorsus
1265 1105 1383 1168 super·

280 1219 427 1265 vacauea
447 1201 621 1264 videretur.
674 1200 792 1279 Neque
815 1196 986 1280 quidquam
1008 1197 1085 1259 certi
1107 1215 1149 1258 ex
1163 1190 1382 1279 argumentis,

280 1327 364 1390 qnae
384 1308 531 1371 Knhnins
552 1308 672 1389 attulit,
694 1308 801 1391 colligi
826 1308 912 1372 licet.
952 1307 1038 1370 Nam
1062 1308 1124 1372 etsi
1146 1310 1219 1391 lege
1234 1310 1382 1372 'l'ercntia

282 1415 401 1479 Cassia
422 1417 545 1480 iussum
569 1424 638 1479 erat
661 1416 722 1477 ami
745 1415 775 1478 in
797 1415 907 1479 Sicilia
928 1413 959 1477 id
982 1416 1181 1490 frumentum,
1200 1416 1282 1496 quod
1296 1417 1382 1498 plebi

280 1522 459 1605 largiretur,
483 1521 558 1583 inde
577 1521 704 1584 minime
718 1522 870 1602 sequitur,
884 1519 945 1583 hoo
964 1538 1091 1601 semper
1103 1521 1251 1583 usitatum
1270 1520 1383 1586 fnisse.

280 1627 406 1706 Quodsi
428 1645 507 1690 vero
531 1627 648 1690 Cicera
678 1627 894 1708 largitionibus
916 1626 1107 1688 exhaustum
1129 1644 1206 1689 esse
1227 1627 1300 1690 dicit
1322 1646 1383 1691 te-

281 1733 408 1810 rarium,
430 1741 536 1813 potest
556 1732 683 1814 quidem
706 1732 768 1793 hoc
791 1732 911 1794 lactum
933 1750 1009 1794 esse
1032 1735 1240 1812 emtionibus,
1270 1736 1381 1816 quales

283 1839 360 1922 lego
381 1841 531 1904 'larentia
553 1839 672 1902 Cassia
694 1847 837 1902 statutae
859 1849 966 1921 erant,
989 1859 1100 1904 verum
1122 1842 1207 1904 haud
1228 1842 1381 1905 minorem

282 1948 605 2027 pecuniaciacturam
619 1948 695 2011 feeit
707 1949 874 2028 aerarium,
896 1949 924 2009 si
944 1965 1027 2030 quae
1048 1957 1143 2011 antea
1164 1949 1384 2012 vendebantur

280 2053 453 2133 decumae,
476 2071 560 2118 nuuc
583 2057 665 2116 nullo
688 2055 757 2116 lero
780 2057 883 2136 pretio
904 2055 1019 2135 popolo
1038 2055 1242 2120 donabantur.

362 2163 430 2227 lam
462 2181 539 2226 vcro
566 2161 670 2240 aliud,
700 2159 784 2240 quod
814 2162 911 2223 multo
933 2162 1069 2242 grauius
1089 2171 1150 2244 est,
1173 2182 1192 2226 e
1214 2165 1382 2227 Ciceronis

262 2257 387 2332 'ambis
409 2268 551 2334 concludi
574 2269 659 2350 licet,
683 2277 760 2350 quot
781 2268 871 2330 cives
894 2268 945 2330 illo
966 2278 1109 2350 tompore
1130 2271 1287 2351 publicum
1309 2269 1383 2334 trus

281 2387 423 2444 mentum
447 2377 640 2455 acceperint.
683 2376 769 2437 Nam
798 2375 826 2436 si
862 2385 1023 2440 menstrua
1050 2377 1171 2440 cibaria
1200 2379 1317 2460 plebis,
1347 2387 1383 2442 nt

282 2501 380 2566 supra
402 2502 474 2548 oum
495 2482 688 2548 Corrtarcuio
718 2491 750 2544 et
776 2482 905 2544 Kuhuio
936 2484 1123 2559 steterimus,
1154 2487 1384 2571 quinquaginta

282 2592 353 2657 lere
374 2593 470 2658 millia
491 2593 683 2654 medimnum
705 2592 865 2668 (300,Μο
877 2593 959 2654 mod.
976 2593 1085 2667 Rom.)
1105 2593 1243 2678 luerunt,
1265 2596 1383 2677 coique

281 2708 391 2765 autem
410 2699 478 2762 civi
499 2700 583 2781 quini
609 2698 764 2760 dabantur
786 2697 902 2778 modii,
934 2700 1063 2762 circiter
1087 2705 1260 2784 sexaginta
1287 2703 1382 2765 millia

278 2809 439 2876 &minum
460 2808 656 2888 publicarum
680 2807 958 2868 frumentationum
981 2807 1153 2888 participes
1176 2810 1352 2884 fuerentur

366 2914 450 2978 Cum
480 2914 564 2976 nulla
591 2913 652 2977 alia
675 2912 728 2973 lex
750 2914 953 2976 frumentaria
975 2924 1039 2978 tam
1067 2917 1193 2997 cognita
1215 2917 1306 2978 nobis
1327 2914 1381 2997 sit,

279 3041 373 3106 quatu
393 3021 475 3084 lraec
496 3022 646 3083 'larentia
668 3019 801 3097 Cassia,
824 3031 889 3082 tum
913 3020 986 3101 quid
1007 3022 1151 3103 proxima
1171 3019 1380 3086 constitutum

280 3131 462 3195 coniectura
484 3137 608 3191 tantum
628 3133 758 3210 assequi
771 3145 951 3210 possumus.
977 3129 1074 3192 Solus
1092 3130 1173 3191 euim
1190 3130 1381 3193 Plutarchus

281 3243 390 3301 narrat
413 3250 495 3299 anno
512 3234 574 3298 692
595 3242 741 3296 senatum
765 3236 798 3294 in
817 3233 949 3296 Catonis
971 3236 1160 3309 sententiam
1182 3216 1381 3308 decrevisse,

283 3351 319 3407 ul
338 3342 583 3408 admitterentur
602 3360 761 3424 pauperes
789 3343 894 3422 cives,
924 3343 976 3422 qni
1006 3341 1196 3403 frumentum
1218 3342 1384 3422 publicum·

279 3471 342 3515 nou
363 3449 559 3532 acciperent,
578 3449 621 3512 ad
643 3449 830 3531 largitiones
843 3448 998 3530 publicas,
1016 3447 1088 3510 inde
1103 3450 1225 3511 aerario
1242 3466 1383 3512 annuunt

281 3568 440 3641 sumptum
456 3558 632 3620 tricenties
664 3558 849 3620 sestertium
875 3566 988 3630 ¹ortum
1022 3561 1159 3634 esss8).-
1191 3557 1277 3638 Qua·
1295 3559 1325 3621 in
1346 3577 1383 3621 rc

284 3710 568 3732 W

299 3795 328 3852 l)
343 3789 404 3844 [iic.
424 3793 548 3848 ln‘Varr.
566 3791 616 3848 ΙΙΙ.
631 3791 676 3850 63.
696 3790 766 3848 tta:
801 3791 853 3847 »Ut
870 3795 1007 3848 flumenta
1024 3799 1090 3848 nata
1106 3799 1180 3863 sunt,
1197 3796 1233 3847 lta
1251 3797 1385 3847 decumae

349 3888 494 3936 veneunt«

302 3978 331 4041 2)
351 3974 501 4026 Gontareni
517 3976 571 4029 1.1.
590 3989 615 4038 p.
633 3974 692 4030 962.
710 3975 788 4028 llulm
807 3978 825 4031 l.
843 3978 863 4026 l.
885 3972 959 4030 1004.

299 4068 330 4125 3)
349 4067 483 4120 Plutarchi
501 4069 558 4120 vita
576 4067 689 4120 Catonis
706 4083 733 4121 o.
750 4068 806 4124 26.:
836 4066 962 4120 ὃΚοὶτων
978 4055 1097 4135 φοβηθὲίς
1118 4068 1201 4120 ἔπεισι
1222 4065 1272 4132 τήν
1290 4063 1384 4133 sevitie

348 4155 484 4227 ἆναλαβεῖν
513 4159 560 4214 τόν
575 4159 685 4231 ’ἄπορον
715 4161 756 4212 καὶ
782 4157 911 4227 οἷνέμητον
929 4159 1009 4228 ὄχλον
1030 4161 1064 4218 εἷς
1081 4157 1111 4211 td
1131 4165 1263 4230 σιτηρέσιον
1285 4153 1383 4209 droho'·

348 4259 428 4319 ματος
437 4253 486 4320 μὲν
495 4251 568 4311 ὄντος
577 4249 698 4304 ἐνιαυσίου
708 4253 795 4319 χιλίων
806 4255 848 4302 καὶ
865 4249 994 4303 διακοσίων
1010 4253 1051 4303 καὶ
1067 4247 1226 4316 πεντήκοντα
1242 4246 1383 4301 ταλάντων.

351 4343 399 4393 vit.
418 4343 496 4396 caes.
514 4357 540 4396 c.
557 4343 582 4396 8.
601 4343 649 4394 Bel
664 4344 741 4408 prol.
758 4341 899 4409 gerendae
915 4355 1005 4408 praec.
1023 4355 1047 4400 c.
1064 4337 1108 4398 24.
