3172 5014
716 493 925 559 ..30-

263 687 372 744 atores
400 678 536 744 adlnee
560 680 692 762 negotia
707 698 810 761 saepe
831 679 968 742 animuin
991 681 1198 744 eonvertissa
1218 695 1360 744 omnes«

259 806 323 869 que
347 787 416 850 fere
436 787 522 849 hane
542 806 610 849 rem
631 806 781 870 maguum
801 788 952 850 habuisse
977 786 1208 852 firmamento·
1230 790 1363 873 imperii,

259 897 341 959 satis
361 906 469 960 notum
495 906 555 959 est.
656 909 658 914 '

344 1003 447 1082 Quem
469 1005 563 1068 finem
585 1005 752 1088 quomodo
768 1009 866 1069 variis
888 1006 1000 1088 modis,
1023 1009 1213 1089 praesertim
1235 1025 1363 1071 eorrvee
1431 1093 1434 1097 ,

256 1111 361 1174 heudo
383 1131 425 1175 err
447 1114 589 1174 omnibus
611 1115 733 1194 imperii
752 1115 895 1194 partibus
918 1114 1086 1192 frumento,
1106 1114 1239 1198 assequi
1254 1115 1360 1178 eonati

258 1221 332 1303 siut,
353 1222 386 1283 in
407 1220 551 1301 proximo
573 1223 677 1302 eapite
700 1222 946 1304 explorabiruus.

703 1913 848 1971 CAPU'I'
868 1915 929 1971 lv.

259 2053 572 2148 Delproviueiis
600 2025 890 2118 frumentariis
920 2057 1213 2140 frumentoque
1235 2057 1362 2122 exiis
1442 2057 1445 2062 ’

620 2161 785 2227 Romam
808 2164 996 2227 invecto.

344 2296 435 2374 Quas
468 2297 529 2357 iam
557 2296 689 2359 saeculo
723 2304 817 2360 sexto
846 2295 934 2357 urbis
966 2313 993 2357 e.
1027 2295 1162 2358 Romam
1192 2297 1364 2376 quotannis

263 2411 481 2484 eomportatas
503 2402 641 2464 vidinrus
659 2403 808 2494 ‘Sieiliea
843 2400 1011 2465 Sardiniae
1031 2409 1064 2464 et
1085 2401 1238 2467 Corsicae
1259 2401 1363 2466 deeu-

264 2528 359 2587 mas‚
389 2517 426 2572 ut
446 2510 497 2571 his
521 2510 603 2572 urbs
627 2511 811 2592 propagatis
832 2510 954 2589 imperii
975 2510 1088 2572 fluibus
1109 2523 1222 2572 carere
1242 2518 1365 2590 posset,

261 2628 383 2694 tantum
404 2621 455 2681 ala
468 2620 540 2700 luit,
562 2627 595 2680 ot
613 2636 686 2686 uum
711 2619 789 2682 Sex.
811 2621 983 2700 Pompeius
1004 2618 1063 2681 has
1084 2619 1206 2682 insulas
1228 2626 1360 2693 teneret,

259 2747 334 2791 mox
366 2728 504 2789 maxima
534 2726 618 2788 fame
641 2727 744 2789 Roma
772 2731 1138 2807 momentorumque
1161 2726 1224 2788 alia
1246 2725 1365 2789 eondi-

258 2840 347 2898 liane
374 2851 432 2895 aas
462 2836 643 2912 postulante
674 2835 765 2914 plebe
794 2835 956 2915 Pompeio
977 2833 1132 2896 Octavius
1159 2833 1360 2914 eoueederet,

260 2960 353 3023 quarn
377 2951 411 3004 ut
432 2943 600 3023 quotannis
623 2959 664 3001 ex
687 2941 786 3002 eisin
810 2940 918 3002 urbem
942 2940 1081 3002 mitteret
1101 2926 1157 3002 τόν
1178 2934 1214 3002 ἐκ
1235 2935 1364 3002 πολλοῦ

257 3041 457 3131 τεταγμένοι
477 3037 593 3120 dorato
620 3042 735 3132 φέρειν
764 3049 854 3110 σῖτον
865 3029 900 3122 ²).
948 3051 1066 3132 Neque
1089 3050 1180 3130 'quod
1207 3052 1362 3114 rationem

259 3158 383 3236 attinet,
405 3175 468 3238 qua
488 3157 676 3219 frumentum
696 3177 742 3219 ex
763 3158 814 3219 his
837 3157 948 3220 insulis
966 3159 1174 3238 exigebatur,
1195 3156 1290 3219 video
1303 3174 1364 3220 eur.

198 3248 200 3252 ¹
257 3264 290 3325 in
312 3283 351 3326 ea
372 3265 480 3345 primis
500 3279 575 3344 post
598 3264 636 3327 C.
653 3284 683 3328 ιι.
703 3266 856 3345 seeeulis‚
889 3267 1022 3346 quaein
1044 3274 1110 3328 tola
1131 3265 1193 3328 hae
1215 3264 1361 3345 disputa·

261 3369 347 3431 tione
368 3367 527 3430 excedere
548 3368 631 3448 nolo,
655 3369 822 3451 quidquam
846 3380 999 3434 mutatum
1023 3387 1097 3432 esse
1107 3378 1254 3433 statuam.
1274 3371 1361 3432 Naro

257 3474 342 3557 ¹(ruod
378 3476 567 3538 lluselrlrius
602 3474 764 3536 contendit
791 3477 959 3540 Sardiniae
987 3497 1044 3558 pro
1076 3477 1219 3541 deoumis
1247 3486 1361 3558 postea

258 3580 412 3660 septimas
436 3598 511 3642 esse
528 3581 676 3661 indietas,
699 3582 893 3663 nescioquo
915 3584 1030 3644 nitatur
1042 3585 1082 3655 ⁸).
1125 3583 1228 3660 Quam
1252 3591 1360 3646 aulem

258 3687 408 3768 Savigny
425 3688 589 3768 proposuit
609 3689 811 3764 sententiam,
833 3689 864 3749 iu
886 3690 1030 3751 omnibus
1046 3691 1218 3769 provinciis
1232 3690 1272 3751 ab
1288 3691 1361 3752 Au-

259 3803 356 3875 gusto
393 3793 585 3873 imperatore
605 3810 708 3875 usque
738 3794 780 3855 ad
802 3794 848 3859 Μ.
871 3797 1037 3858 Aurelium
1060 3795 1187 3879 frugum
1210 3794 1360 3860 decumas

263 3999 308 4056 ,1)
326 3997 451 4050 Velleius
468 3997 516 4053 lilr.
535 3999 575 4052 lle
589 3998 634 4050 77.
653 3997 713 4048 [ιιι.
731 3997 793 4065 epit.
814 3998 873 4052 127.

262 4086 308 4162 ιιδ]
328 4091 440 4153 Anniae.
459 4091 483 4140 tr.
502 4101 528 4146 e.
546 4103 571 4140 ιι.
590 4090 635 4139 72.
654 4091 705 4142 cir.
724 4092 776 4144 Dio
795 4090 824 4141 C.
843 4091 968 4156 XLVlss,
986 4089 1032 4140 84.

276 4176 307 4242 a)
325 4180 451 4228 lluselrlre
465 4178 602 4232 ceususu.
614 4180 849 4244 Steuerreriassg.
868 4181 894 4230 d.
911 4181 963 4230 frlr.
983 4180 1052 4232 reta.
1070 4177 1357 4244 salemensem

326 4272 373 4322 5².
390 4274 421 4324 lu
438 4273 507 4324 laets
526 4273 630 4338 quidem
648 4275 685 4324 ab
700 4274 747 4324 illo
765 4272 883 4325 laudatis
901 4270 1019 4340 (llirtius
1038 4269 1069 4320 de
1087 4272 1113 4322 b.
1131 4271 1216 4320 atriu.
1235 4272 1280 4320 98.
1297 4271 1359 4332 Hs-

325 4363 372 4428 giu
401 4364 432 4413 da
450 4363 504 4413 lim.
523 4367 611 4414 eousl.
630 4377 656 4426 p.
677 4363 740 4413 lae.
760 4364 802 4418 ed.
821 4360 916 4425 Gaas.)
933 4360 1000 4414 ullrll
1018 4360 1075 4412 elus
1092 4360 1162 4414 noel
1179 4359 1342 4435 sentinetur.
