<?xml version="1.0" encoding="UTF-8"?>
<!DOCTYPE html PUBLIC "-//W3C//DTD XHTML 1.0 Transitional//EN"
    "http://www.w3.org/TR/xhtml1/DTD/xhtml1-transitional.dtd">
<html xmlns="http://www.w3.org/1999/xhtml" xml:lang="en" lang="en">
 <head>
  <title>
</title>
<meta http-equiv="Content-Type" content="text/html;charset=utf-8" />
  <meta name='ocr-system' content='tesseract 3.04.00' />
  <meta name='ocr-capabilities' content='ocr_page ocr_carea ocr_par ocr_line ocrx_word'/>
</head>
<body>
  <div class='ocr_page' id='page_1' title='image "./meletematadepub00nassgoog_0020.png"; bbox 0 0 3172 5014; ppageno 0'>
   <div class='ocr_carea' id='block_1_1' title="bbox 721 495 929 560">
    <p class='ocr_par' dir='ltr' id='par_1_1' title="bbox 721 495 929 560">
     <span class='ocr_line' id='line_1_1' title="bbox 721 495 929 560; baseline 0 -16"><span class='ocrx_word' id='word_1_1' title='bbox 721 495 929 560; x_wconf 74' lang='lat'>..12-</span> 
     </span>
    </p>
   </div>
   <div class='ocr_carea' id='block_1_2' title="bbox 266 676 1379 3663">
    <p class='ocr_par' dir='ltr' id='par_1_2' title="bbox 266 676 1376 2156">
     <span class='ocr_line' id='line_1_2' title="bbox 269 676 1371 761; baseline -0.004 -17"><span class='ocrx_word' id='word_1_2' title='bbox 269 683 359 746; x_wconf 82' lang='lat' dir='ltr'><strong>tecta</strong></span> <span class='ocrx_word' id='word_1_3' title='bbox 381 687 431 743; x_wconf 88' lang='lat' dir='ltr'><strong>est</strong></span> <span class='ocrx_word' id='word_1_4' title='bbox 454 699 474 742; x_wconf 86' lang='lat' dir='ltr'><strong>e</strong></span> <span class='ocrx_word' id='word_1_5' title='bbox 497 687 625 760; x_wconf 84' lang='lat' dir='ltr'><strong>senatu,</strong></span> <span class='ocrx_word' id='word_1_6' title='bbox 650 677 766 761; x_wconf 87' lang='lat' dir='ltr'><strong>qnippe</strong></span> <span class='ocrx_word' id='word_1_7' title='bbox 787 692 872 760; x_wconf 80' lang='lat' dir='ltr'><strong>quae</strong></span> <span class='ocrx_word' id='word_1_8' title='bbox 885 679 920 739; x_wconf 86' lang='lat' dir='ltr'><strong>vi</strong></span> <span class='ocrx_word' id='word_1_9' title='bbox 932 676 1077 759; x_wconf 72' lang='lat' dir='ltr'><strong>perlutae</strong></span> <span class='ocrx_word' id='word_1_10' title='bbox 1090 683 1201 740; x_wconf 80' lang='lat' dir='ltr'><strong>essent</strong></span> <span class='ocrx_word' id='word_1_11' title='bbox 1210 677 1371 753; x_wconf 66' lang='lat' dir='ltr'><strong>(Memno</strong></span> 
     </span>
     <span class='ocr_line' id='line_1_3' title="bbox 271 783 1372 874; baseline -0.008 -20"><span class='ocrx_word' id='word_1_12' title='bbox 271 809 330 854; x_wconf 86' lang='lat' dir='ltr'><strong>seu</strong></span> <span class='ocrx_word' id='word_1_13' title='bbox 351 799 383 871; x_wconf 93' lang='lat' dir='ltr'><strong>p.</strong></span> <span class='ocrx_word' id='word_1_14' title='bbox 406 787 504 862; x_wconf 59' lang='grc'><strong>181.)</strong></span> <span class='ocrx_word' id='word_1_15' title='bbox 545 787 666 867; x_wconf 84' lang='lat' dir='ltr'><strong>Neque</strong></span> <span class='ocrx_word' id='word_1_16' title='bbox 692 783 767 867; x_wconf 90' lang='lat' dir='ltr'><strong>quid</strong></span> <span class='ocrx_word' id='word_1_17' title='bbox 787 784 862 845; x_wconf 88' lang='lat' dir='ltr'><strong>novi</strong></span> <span class='ocrx_word' id='word_1_18' title='bbox 889 783 1047 846; x_wconf 87' lang='lat' dir='ltr'><strong>voluerint</strong></span> <span class='ocrx_word' id='word_1_19' title='bbox 1076 783 1242 874; x_wconf 73' lang='lat' dir='ltr'><strong>instituere</strong></span> <span class='ocrx_word' id='word_1_20' title='bbox 1263 784 1372 846; x_wconf 78' lang='lat' dir='ltr'><strong>harum</strong></span> 
     </span>
     <span class='ocr_line' id='line_1_4' title="bbox 274 889 1371 978; baseline -0.005 -20"><span class='ocrx_word' id='word_1_21' title='bbox 274 898 383 978; x_wconf 84' lang='lat' dir='ltr'><strong>legum</strong></span> <span class='ocrx_word' id='word_1_22' title='bbox 417 902 569 956; x_wconf 82' lang='lat' dir='ltr'><strong>auctores</strong></span> <span class='ocrx_word' id='word_1_23' title='bbox 600 892 691 954; x_wconf 84' lang='lat' dir='ltr'><strong>nobis</strong></span> <span class='ocrx_word' id='word_1_24' title='bbox 721 909 776 973; x_wconf 89' lang='lat' dir='ltr'><strong>pro</strong></span> <span class='ocrx_word' id='word_1_25' title='bbox 806 899 892 953; x_wconf 86' lang='lat' dir='ltr'><strong>certo</strong></span> <span class='ocrx_word' id='word_1_26' title='bbox 920 889 1070 954; x_wconf 80' lang='lat' dir='ltr'><strong>traditum</strong></span> <span class='ocrx_word' id='word_1_27' title='bbox 1100 899 1172 970; x_wconf 84' lang='lat' dir='ltr'><strong>est,</strong></span> <span class='ocrx_word' id='word_1_28' title='bbox 1200 891 1261 952; x_wconf 89' lang='lat' dir='ltr'><strong>uisi</strong></span> <span class='ocrx_word' id='word_1_29' title='bbox 1290 889 1371 972; x_wconf 74' lang='lat' dir='ltr'><strong>qued</strong></span> 
     </span>
     <span class='ocr_line' id='line_1_5' title="bbox 266 999 1366 1083; baseline -0.006 -17"><span class='ocrx_word' id='word_1_30' title='bbox 266 1012 384 1066; x_wconf 83' lang='lat' dir='ltr'><strong>enctnr</strong></span> <span class='ocrx_word' id='word_1_31' title='bbox 398 1002 440 1065; x_wconf 91' lang='lat' dir='ltr'><strong>ad</strong></span> <span class='ocrx_word' id='word_1_32' title='bbox 465 1000 731 1083; x_wconf 82' lang='lat' dir='ltr'><strong>Herennium,qni</strong></span> <span class='ocrx_word' id='word_1_33' title='bbox 752 1002 843 1062; x_wconf 82' lang='lat' dir='ltr'><strong>solus</strong></span> <span class='ocrx_word' id='word_1_34' title='bbox 865 999 948 1079; x_wconf 82' lang='lat' dir='ltr'><strong>legis</strong></span> <span class='ocrx_word' id='word_1_35' title='bbox 972 999 1366 1080; x_wconf 75' lang='lat' dir='ltr'><strong>Appuleinemeutiennru</strong></span> 
     </span>
     <span class='ocr_line' id='line_1_6' title="bbox 273 1107 1374 1190; baseline -0.006 -15"><span class='ocrx_word' id='word_1_36' title='bbox 273 1113 402 1187; x_wconf 62' lang='lat' dir='ltr'><strong>facitu),</strong></span> <span class='ocrx_word' id='word_1_37' title='bbox 417 1109 462 1173; x_wconf 75' lang='lat' dir='ltr'><strong>lle</strong></span> <span class='ocrx_word' id='word_1_38' title='bbox 483 1110 674 1173; x_wconf 74' lang='lat' dir='ltr'>semissibus</span> <span class='ocrx_word' id='word_1_39' title='bbox 708 1117 741 1172; x_wconf 88' lang='lat' dir='ltr'><strong>et</strong></span> <span class='ocrx_word' id='word_1_40' title='bbox 758 1109 943 1184; x_wconf 68' lang='lat' dir='ltr'><strong>&#39;trientibus</strong></span> <span class='ocrx_word' id='word_1_41' title='bbox 964 1107 1166 1171; x_wconf 85' lang='lat' dir='ltr'><strong>Saturninum</strong></span> <span class='ocrx_word' id='word_1_42' title='bbox 1190 1108 1296 1190; x_wconf 77' lang='lat' dir='ltr'><strong>legem</strong></span> <span class='ocrx_word' id='word_1_43' title='bbox 1318 1111 1374 1169; x_wconf 50' lang='lat' dir='ltr'><strong>ro*</strong></span> 
     </span>
     <span class='ocr_line' id='line_1_7' title="bbox 272 1214 1373 1299; baseline -0.003 -20"><span class='ocrx_word' id='word_1_44' title='bbox 272 1236 374 1299; x_wconf 81' lang='lat' dir='ltr'><strong>gesse</strong></span> <span class='ocrx_word' id='word_1_45' title='bbox 397 1217 483 1295; x_wconf 85' lang='lat' dir='ltr'><strong>dicit,</strong></span> <span class='ocrx_word' id='word_1_46' title='bbox 506 1216 588 1279; x_wconf 89' lang='lat' dir='ltr'><strong>unde</strong></span> <span class='ocrx_word' id='word_1_47' title='bbox 611 1218 842 1279; x_wconf 79' lang='lat' dir='ltr'><strong>blmumsenins</strong></span> <span class='ocrx_word' id='word_1_48' title='bbox 864 1217 994 1294; x_wconf 76' lang='lat' dir='ltr'><strong>collegit</strong></span> <span class='ocrx_word' id='word_1_49' title='bbox 1014 1214 1207 1276; x_wconf 77' lang='lat' dir='ltr'><strong>substitutos</strong></span> <span class='ocrx_word' id='word_1_50' title='bbox 1228 1231 1304 1276; x_wconf 88' lang='lat' dir='ltr'><strong>esse</strong></span> <span class='ocrx_word' id='word_1_51' title='bbox 1316 1233 1373 1295; x_wconf 81' lang='lat' dir='ltr'><strong>per</strong></span> 
     </span>
     <span class='ocr_line' id='line_1_8' title="bbox 273 1321 1373 1406; baseline -0.005 -18"><span class='ocrx_word' id='word_1_52' title='bbox 273 1325 359 1388; x_wconf 87' lang='lat' dir='ltr'><strong>hune</strong></span> <span class='ocrx_word' id='word_1_53' title='bbox 381 1325 539 1386; x_wconf 86' lang='lat' dir='ltr'><strong>tribunum</strong></span> <span class='ocrx_word' id='word_1_54' title='bbox 568 1323 672 1404; x_wconf 89' lang='lat' dir='ltr'><strong>plebis</strong></span> <span class='ocrx_word' id='word_1_55' title='bbox 703 1323 785 1406; x_wconf 84' lang='lat' dir='ltr'><strong>legis</strong></span> <span class='ocrx_word' id='word_1_56' title='bbox 809 1322 1019 1402; x_wconf 73' lang='lat' dir='ltr'><strong>Semproniae</strong></span> <span class='ocrx_word' id='word_1_57' title='bbox 1040 1321 1131 1382; x_wconf 82' lang='lat' dir='ltr'><strong>senis</strong></span> <span class='ocrx_word' id='word_1_58' title='bbox 1153 1331 1186 1384; x_wconf 92' lang='lat' dir='ltr'><strong>et</strong></span> <span class='ocrx_word' id='word_1_59' title='bbox 1208 1321 1373 1404; x_wconf 74' lang='lat' dir='ltr'><strong>trientibus</strong></span> 
     </span>
     <span class='ocr_line' id='line_1_9' title="bbox 274 1427 1372 1510; baseline -0.005 -15"><span class='ocrx_word' id='word_1_60' title='bbox 274 1433 432 1495; x_wconf 73' lang='lat' dir='ltr'><strong>semisses</strong></span> <span class='ocrx_word' id='word_1_61' title='bbox 454 1441 486 1494; x_wconf 88' lang='lat' dir='ltr'><strong>et</strong></span> <span class='ocrx_word' id='word_1_62' title='bbox 509 1431 690 1504; x_wconf 62' lang='lat' dir='ltr'><strong>trientestl.</strong></span> <span class='ocrx_word' id='word_1_63' title='bbox 731 1429 797 1494; x_wconf 78' lang='lat' dir='ltr'><strong>Sed</strong></span> <span class='ocrx_word' id='word_1_64' title='bbox 820 1428 904 1510; x_wconf 87' lang='lat' dir='ltr'><strong>qucrl</strong></span> <span class='ocrx_word' id='word_1_65' title='bbox 926 1428 992 1490; x_wconf 85' lang='lat' dir='ltr'><strong>iem.</strong></span> <span class='ocrx_word' id='word_1_66' title='bbox 1011 1427 1170 1489; x_wconf 78' lang='lat' dir='ltr'><strong>liuhniunr</strong></span> <span class='ocrx_word' id='word_1_67' title='bbox 1190 1427 1323 1490; x_wconf 79' lang='lat' dir='ltr'><strong>offendit</strong></span> <span class='ocrx_word' id='word_1_68' title='bbox 1339 1429 1372 1490; x_wconf 87' lang='lat' dir='ltr'><strong>iu</strong></span> 
     </span>
     <span class='ocr_line' id='line_1_10' title="bbox 269 1531 1373 1620; baseline -0.004 -20"><span class='ocrx_word' id='word_1_69' title='bbox 269 1557 315 1602; x_wconf 32' lang='lat' dir='ltr'><strong>feo</strong></span> <span class='ocrx_word' id='word_1_70' title='bbox 330 1558 395 1619; x_wconf 84' lang='lat' dir='ltr'><strong>ego</strong></span> <span class='ocrx_word' id='word_1_71' title='bbox 409 1556 537 1620; x_wconf 79' lang='lat' dir='ltr'><strong>quoque</strong></span> <span class='ocrx_word' id='word_1_72' title='bbox 557 1537 688 1616; x_wconf 77' lang='lat' dir='ltr'>haereo,</span> <span class='ocrx_word' id='word_1_73' title='bbox 709 1533 796 1617; x_wconf 85' lang='lat' dir='ltr'><strong>qnod</strong></span> <span class='ocrx_word' id='word_1_74' title='bbox 816 1534 954 1614; x_wconf 85' lang='lat' dir='ltr'><strong>scriptor</strong></span> <span class='ocrx_word' id='word_1_75' title='bbox 964 1531 1005 1595; x_wconf 87' lang='lat' dir='ltr'><strong>de</strong></span> <span class='ocrx_word' id='word_1_76' title='bbox 1027 1533 1198 1612; x_wconf 85' lang='lat' dir='ltr'><strong>houpretio</strong></span> <span class='ocrx_word' id='word_1_77' title='bbox 1214 1551 1373 1614; x_wconf 80' lang='lat' dir='ltr'><strong>nunquam</strong></span> 
     </span>
     <span class='ocr_line' id='line_1_11' title="bbox 272 1637 1373 1722; baseline -0.005 -16"><span class='ocrx_word' id='word_1_78' title='bbox 272 1663 310 1706; x_wconf 87' lang='lat' dir='ltr'><strong>re</strong></span> <span class='ocrx_word' id='word_1_79' title='bbox 337 1662 415 1706; x_wconf 86' lang='lat' dir='ltr'><strong>vera</strong></span> <span class='ocrx_word' id='word_1_80' title='bbox 438 1643 581 1705; x_wconf 86' lang='lat' dir='ltr'><strong>instituto</strong></span> <span class='ocrx_word' id='word_1_81' title='bbox 603 1651 751 1722; x_wconf 85' lang='lat' dir='ltr'><strong>tauquam</strong></span> <span class='ocrx_word' id='word_1_82' title='bbox 774 1639 814 1702; x_wconf 89' lang='lat' dir='ltr'><strong>de</strong></span> <span class='ocrx_word' id='word_1_83' title='bbox 833 1639 978 1700; x_wconf 90' lang='lat' dir='ltr'><strong>omnibns</strong></span> <span class='ocrx_word' id='word_1_84' title='bbox 1001 1646 1076 1699; x_wconf 89' lang='lat' dir='ltr'><strong>uoto</strong></span> <span class='ocrx_word' id='word_1_85' title='bbox 1098 1637 1243 1718; x_wconf 89' lang='lat' dir='ltr'><strong>loquitur.</strong></span> <span class='ocrx_word' id='word_1_86' title='bbox 1267 1637 1373 1714; x_wconf 81' lang='lat' dir='ltr'><strong>Quam</strong></span> 
     </span>
     <span class='ocr_line' id='line_1_12' title="bbox 277 1743 1376 1822; baseline -0.004 -11"><span class='ocrx_word' id='word_1_87' title='bbox 277 1749 318 1812; x_wconf 90' lang='lat' dir='ltr'><strong>ob</strong></span> <span class='ocrx_word' id='word_1_88' title='bbox 349 1767 479 1813; x_wconf 85' lang='lat' dir='ltr'><strong>eausam</strong></span> <span class='ocrx_word' id='word_1_89' title='bbox 515 1749 625 1810; x_wconf 86' lang='lat' dir='ltr'><strong>neseio</strong></span> <span class='ocrx_word' id='word_1_90' title='bbox 654 1767 695 1810; x_wconf 89' lang='lat' dir='ltr'><strong>au</strong></span> <span class='ocrx_word' id='word_1_91' title='bbox 723 1747 817 1810; x_wconf 85' lang='lat' dir='ltr'><strong>eliam</strong></span> <span class='ocrx_word' id='word_1_92' title='bbox 850 1745 934 1808; x_wconf 91' lang='lat' dir='ltr'><strong>hunc</strong></span> <span class='ocrx_word' id='word_1_93' title='bbox 963 1748 994 1806; x_wconf 91' lang='lat' dir='ltr'><strong>iu</strong></span> <span class='ocrx_word' id='word_1_94' title='bbox 1024 1745 1129 1807; x_wconf 85' lang='lat' dir='ltr'><strong>ionum</strong></span> <span class='ocrx_word' id='word_1_95' title='bbox 1161 1743 1376 1822; x_wconf 78' lang='lat' dir='ltr'>„semissibus</span> 
     </span>
     <span class='ocr_line' id='line_1_13' title="bbox 274 1851 1374 1944; baseline 0.001 -26"><span class='ocrx_word' id='word_1_96' title='bbox 274 1868 308 1920; x_wconf 91' lang='lat' dir='ltr'><strong>et</strong></span> <span class='ocrx_word' id='word_1_97' title='bbox 329 1853 525 1920; x_wconf 86' lang='lat' dir='ltr'><strong>trientibus“</strong></span> <span class='ocrx_word' id='word_1_98' title='bbox 545 1876 601 1938; x_wconf 91' lang='lat' dir='ltr'><strong>pro</strong></span> <span class='ocrx_word' id='word_1_99' title='bbox 634 1858 746 1936; x_wconf 88' lang='lat' dir='ltr'><strong>„senis</strong></span> <span class='ocrx_word' id='word_1_100' title='bbox 775 1865 807 1921; x_wconf 85' lang='lat' dir='ltr'><strong>el</strong></span> <span class='ocrx_word' id='word_1_101' title='bbox 834 1851 1025 1919; x_wconf 84' lang='lat' dir='ltr'><strong>trientibus“</strong></span> <span class='ocrx_word' id='word_1_102' title='bbox 1054 1855 1231 1944; x_wconf 23' lang='lat' dir='ltr'><strong>allibreriis</strong></span> <span class='ocrx_word' id='word_1_103' title='bbox 1254 1862 1374 1919; x_wconf 85' lang='lat' dir='ltr'><strong>tantum</strong></span> 
     </span>
     <span class='ocr_line' id='line_1_14' title="bbox 275 1965 1374 2050; baseline -0.002 -20"><span class='ocrx_word' id='word_1_104' title='bbox 275 1969 394 2031; x_wconf 88' lang='lat' dir='ltr'><strong>illatum</strong></span> <span class='ocrx_word' id='word_1_105' title='bbox 409 1969 590 2032; x_wconf 84' lang='lat' dir='ltr'><strong>siletuibil</strong></span> <span class='ocrx_word' id='word_1_106' title='bbox 612 1967 696 2030; x_wconf 84' lang='lat' dir='ltr'><strong>aliurl</strong></span> <span class='ocrx_word' id='word_1_107' title='bbox 719 1969 823 2050; x_wconf 81' lang='lat' dir='ltr'><strong>egerit</strong></span> <span class='ocrx_word' id='word_1_108' title='bbox 844 1967 1046 2044; x_wconf 83' lang='lat' dir='ltr'><strong>Saturninus,</strong></span> <span class='ocrx_word' id='word_1_109' title='bbox 1067 1985 1160 2047; x_wconf 81' lang='lat' dir='ltr'><strong>quam</strong></span> <span class='ocrx_word' id='word_1_110' title='bbox 1185 1975 1217 2030; x_wconf 84' lang='lat' dir='ltr'><strong>ut</strong></span> <span class='ocrx_word' id='word_1_111' title='bbox 1241 1965 1374 2046; x_wconf 80' lang='lat' dir='ltr'><strong>pretium</strong></span> 
     </span>
     <span class='ocr_line' id='line_1_15' title="bbox 272 2075 1197 2156; baseline -0.002 -18"><span class='ocrx_word' id='word_1_112' title='bbox 272 2077 424 2140; x_wconf 76' lang='lat' dir='ltr'><strong>frumeuti</strong></span> <span class='ocrx_word' id='word_1_113' title='bbox 444 2097 464 2139; x_wconf 87' lang='lat' dir='ltr'><strong>a</strong></span> <span class='ocrx_word' id='word_1_114' title='bbox 486 2075 524 2138; x_wconf 88' lang='lat' dir='ltr'><strong>C.</strong></span> <span class='ocrx_word' id='word_1_115' title='bbox 546 2075 698 2146; x_wconf 78' lang='lat' dir='ltr'><strong>Graccho</strong></span> <span class='ocrx_word' id='word_1_116' title='bbox 721 2084 881 2139; x_wconf 81' lang='lat' dir='ltr'><strong>statutum.</strong></span> <span class='ocrx_word' id='word_1_117' title='bbox 895 2093 1031 2156; x_wconf 79' lang='lat' dir='ltr'><strong>prorsus·</strong></span> <span class='ocrx_word' id='word_1_118' title='bbox 1051 2075 1197 2139; x_wconf 51' lang='lat' dir='ltr'><strong>tolleret.¹</strong></span> 
     </span>
    </p>

    <p class='ocr_par' dir='ltr' id='par_1_3' title="bbox 267 2181 1379 3663">
     <span class='ocr_line' id='line_1_16' title="bbox 268 2181 1376 2266; baseline -0.005 -19"><span class='ocrx_word' id='word_1_119' title='bbox 268 2223 272 2230; x_wconf 93' lang='lat'>·</span> <span class='ocrx_word' id='word_1_120' title='bbox 370 2185 488 2265; x_wconf 80' lang='lat' dir='ltr'><strong>Neque</strong></span> <span class='ocrx_word' id='word_1_121' title='bbox 510 2185 611 2246; x_wconf 89' lang='lat' dir='ltr'><strong>solum</strong></span> <span class='ocrx_word' id='word_1_122' title='bbox 636 2188 697 2246; x_wconf 85' lang='lat' dir='ltr'><strong>bae</strong></span> <span class='ocrx_word' id='word_1_123' title='bbox 721 2184 813 2266; x_wconf 77' lang='lat' dir='ltr'><strong>leges</strong></span> <span class='ocrx_word' id='word_1_124' title='bbox 836 2183 1002 2263; x_wconf 77' lang='lat' dir='ltr'><strong>quominus</strong></span> <span class='ocrx_word' id='word_1_125' title='bbox 1022 2181 1180 2244; x_wconf 79' lang='lat' dir='ltr'><strong>ferrentur</strong></span> <span class='ocrx_word' id='word_1_126' title='bbox 1200 2181 1376 2262; x_wconf 88' lang='lat' dir='ltr'><strong>prohibue-</strong></span> 
     </span>
     <span class='ocr_line' id='line_1_17' title="bbox 269 2287 1376 2374; baseline -0.004 -20"><span class='ocrx_word' id='word_1_127' title='bbox 269 2301 347 2356; x_wconf 89' lang='lat' dir='ltr'><strong>runt</strong></span> <span class='ocrx_word' id='word_1_128' title='bbox 367 2295 554 2374; x_wconf 73' lang='lat' dir='ltr'><strong>optimates,</strong></span> <span class='ocrx_word' id='word_1_129' title='bbox 577 2293 636 2355; x_wconf 90' lang='lat' dir='ltr'><strong>sed</strong></span> <span class='ocrx_word' id='word_1_130' title='bbox 658 2293 755 2354; x_wconf 83' lang='lat' dir='ltr'><strong>etiam</strong></span> <span class='ocrx_word' id='word_1_131' title='bbox 773 2294 875 2372; x_wconf 88' lang='lat' dir='ltr'><strong>ipsam</strong></span> <span class='ocrx_word' id='word_1_132' title='bbox 897 2290 1115 2368; x_wconf 82' lang='lat' dir='ltr'><strong>Semproniam</strong></span> <span class='ocrx_word' id='word_1_133' title='bbox 1147 2291 1196 2353; x_wconf 82' lang='grc' dir='ltr'><strong>Μ.</strong></span> <span class='ocrx_word' id='word_1_134' title='bbox 1215 2287 1376 2352; x_wconf 80' lang='lat' dir='ltr'><strong>Oetevius</strong></span> 
     </span>
     <span class='ocr_line' id='line_1_18' title="bbox 269 2397 1370 2482; baseline -0.005 -20"><span class='ocrx_word' id='word_1_135' title='bbox 269 2401 459 2481; x_wconf 81' lang='lat' dir='ltr'><strong>abrogavit,</strong></span> <span class='ocrx_word' id='word_1_136' title='bbox 484 2400 645 2482; x_wconf 87' lang='lat' dir='ltr'><strong>multoque</strong></span> <span class='ocrx_word' id='word_1_137' title='bbox 665 2403 841 2482; x_wconf 86' lang='lat' dir='ltr'><strong>parciorem</strong></span> <span class='ocrx_word' id='word_1_138' title='bbox 863 2398 1002 2460; x_wconf 71' lang='lat' dir='ltr'><strong>instituit</strong></span> <span class='ocrx_word' id='word_1_139' title='bbox 1023 2397 1223 2478; x_wconf 73' lang='lat' dir='ltr'><strong>largitionem</strong></span> <span class='ocrx_word' id='word_1_140' title='bbox 1236 2411 1251 2475; x_wconf 87' lang='lat'><strong>,·</strong></span> <span class='ocrx_word' id='word_1_141' title='bbox 1277 2413 1370 2476; x_wconf 85' lang='lat' dir='ltr'><strong>quam</strong></span> 
     </span>
     <span class='ocr_line' id='line_1_19' title="bbox 276 2497 1372 2595; baseline -0.007 -23"><span class='ocrx_word' id='word_1_142' title='bbox 276 2507 393 2595; x_wconf 74' lang='lat' dir='ltr'><strong>Cicero</strong></span> <span class='ocrx_word' id='word_1_143' title='bbox 422 2516 482 2588; x_wconf 87' lang='lat' dir='ltr'><strong>„et</strong></span> <span class='ocrx_word' id='word_1_144' title='bbox 503 2508 700 2589; x_wconf 86' lang='lat' dir='ltr'><strong>reipublicae</strong></span> <span class='ocrx_word' id='word_1_145' title='bbox 728 2506 922 2569; x_wconf 70' lang='lat' dir='ltr'><strong>tolerabilem</strong></span> <span class='ocrx_word' id='word_1_146' title='bbox 956 2517 990 2567; x_wconf 87' lang='lat' dir='ltr'><strong>et</strong></span> <span class='ocrx_word' id='word_1_147' title='bbox 1019 2505 1102 2586; x_wconf 86' lang='lat' dir='ltr'><strong>plebi</strong></span> <span class='ocrx_word' id='word_1_148' title='bbox 1130 2497 1372 2566; x_wconf 86' lang='lat' dir='ltr'><strong>necessariem“</strong></span> 
     </span>
     <span class='ocr_line' id='line_1_20' title="bbox 276 2613 1376 2695; baseline -0.005 -17"><span class='ocrx_word' id='word_1_149' title='bbox 276 2616 417 2678; x_wconf 86' lang='lat' dir='ltr'><strong>nominat</strong></span> <span class='ocrx_word' id='word_1_150' title='bbox 441 2614 500 2690; x_wconf 85' lang='lat' dir='ltr'><strong>(rie</strong></span> <span class='ocrx_word' id='word_1_151' title='bbox 522 2615 575 2678; x_wconf 87' lang='lat' dir='ltr'><strong>off.</strong></span> <span class='ocrx_word' id='word_1_152' title='bbox 598 2618 638 2677; x_wconf 87' lang='lat' dir='ltr'><strong>ll.</strong></span> <span class='ocrx_word' id='word_1_153' title='bbox 665 2616 717 2678; x_wconf 79' lang='lat'><strong>21.</strong></span> <span class='ocrx_word' id='word_1_154' title='bbox 747 2616 834 2679; x_wconf 86' lang='lat' dir='ltr'><strong>Brut.</strong></span> <span class='ocrx_word' id='word_1_155' title='bbox 854 2633 882 2679; x_wconf 82' lang='lat' dir='ltr'><strong>c.</strong></span> <span class='ocrx_word' id='word_1_156' title='bbox 910 2615 989 2690; x_wconf 61' lang='lat'><strong>62).</strong></span> <span class='ocrx_word' id='word_1_157' title='bbox 1043 2613 1111 2680; x_wconf 90' lang='lat' dir='ltr'><strong>Sed</strong></span> <span class='ocrx_word' id='word_1_158' title='bbox 1138 2632 1221 2695; x_wconf 89' lang='lat' dir='ltr'><strong>quae</strong></span> <span class='ocrx_word' id='word_1_159' title='bbox 1251 2631 1310 2674; x_wconf 88' lang='lat' dir='ltr'><strong>uos</strong></span> <span class='ocrx_word' id='word_1_160' title='bbox 1341 2613 1376 2674; x_wconf 87' lang='lat' dir='ltr'><strong>iu</strong></span> 
     </span>
     <span class='ocr_line' id='line_1_21' title="bbox 276 2721 1373 2803; baseline -0.002 -19"><span class='ocrx_word' id='word_1_161' title='bbox 276 2723 387 2784; x_wconf 88' lang='lat' dir='ltr'><strong>horum</strong></span> <span class='ocrx_word' id='word_1_162' title='bbox 409 2730 585 2802; x_wconf 89' lang='lat' dir='ltr'><strong>temporum</strong></span> <span class='ocrx_word' id='word_1_163' title='bbox 607 2723 739 2784; x_wconf 88' lang='lat' dir='ltr'><strong>historia</strong></span> <span class='ocrx_word' id='word_1_164' title='bbox 761 2723 829 2783; x_wconf 84' lang='lat' dir='ltr'><strong>iere</strong></span> <span class='ocrx_word' id='word_1_165' title='bbox 850 2741 979 2803; x_wconf 81' lang='lat' dir='ltr'><strong>semper</strong></span> <span class='ocrx_word' id='word_1_166' title='bbox 996 2731 1142 2803; x_wconf 87' lang='lat' dir='ltr'><strong>premunt</strong></span> <span class='ocrx_word' id='word_1_167' title='bbox 1162 2721 1295 2784; x_wconf 83' lang='lat' dir='ltr'><strong>fontium</strong></span> <span class='ocrx_word' id='word_1_168' title='bbox 1310 2739 1373 2782; x_wconf 86' lang='lat' dir='ltr'><strong>au-</strong></span> 
     </span>
     <span class='ocr_line' id='line_1_22' title="bbox 273 2825 1371 2910; baseline -0.002 -20"><span class='ocrx_word' id='word_1_169' title='bbox 273 2828 413 2910; x_wconf 77' lang='lat' dir='ltr'><strong>gustiae,</strong></span> <span class='ocrx_word' id='word_1_170' title='bbox 437 2847 496 2890; x_wconf 87' lang='lat' dir='ltr'><strong>eae</strong></span> <span class='ocrx_word' id='word_1_171' title='bbox 519 2837 551 2891; x_wconf 83' lang='lat' dir='ltr'><strong>&#39;et</strong></span> <span class='ocrx_word' id='word_1_172' title='bbox 571 2829 624 2890; x_wconf 88' lang='lat' dir='ltr'><strong>hic</strong></span> <span class='ocrx_word' id='word_1_173' title='bbox 647 2830 842 2910; x_wconf 76' lang='lat' dir='ltr'><strong>conspicuae</strong></span> <span class='ocrx_word' id='word_1_174' title='bbox 866 2837 952 2906; x_wconf 85' lang='lat' dir='ltr'><strong>sunt,</strong></span> <span class='ocrx_word' id='word_1_175' title='bbox 977 2829 1021 2890; x_wconf 87' lang='lat' dir='ltr'><strong>ita</strong></span> <span class='ocrx_word' id='word_1_176' title='bbox 1043 2837 1076 2888; x_wconf 88' lang='lat' dir='ltr'><strong>ut</strong></span> <span class='ocrx_word' id='word_1_177' title='bbox 1097 2835 1223 2908; x_wconf 89' lang='lat' dir='ltr'><strong>praeter</strong></span> <span class='ocrx_word' id='word_1_178' title='bbox 1239 2825 1371 2888; x_wconf 77' lang='lat' dir='ltr'><strong>Cicero·</strong></span> 
     </span>
     <span class='ocr_line' id='line_1_23' title="bbox 267 2932 1374 3012; baseline -0.002 -16"><span class='ocrx_word' id='word_1_179' title='bbox 267 2936 323 2996; x_wconf 86' lang='lat' dir='ltr'><strong>uis</strong></span> <span class='ocrx_word' id='word_1_180' title='bbox 348 2935 448 2997; x_wconf 85' lang='lat' dir='ltr'><strong>verba</strong></span> <span class='ocrx_word' id='word_1_181' title='bbox 475 2934 569 2996; x_wconf 88' lang='lat' dir='ltr'><strong>mode</strong></span> <span class='ocrx_word' id='word_1_182' title='bbox 598 2934 728 2996; x_wconf 86' lang='lat' dir='ltr'><strong>laudata</strong></span> <span class='ocrx_word' id='word_1_183' title='bbox 761 2933 834 2994; x_wconf 88' lang='lat' dir='ltr'><strong>nihil</strong></span> <span class='ocrx_word' id='word_1_184' title='bbox 865 2932 905 2993; x_wconf 89' lang='lat' dir='ltr'><strong>de</strong></span> <span class='ocrx_word' id='word_1_185' title='bbox 937 2932 999 2994; x_wconf 89' lang='lat' dir='ltr'><strong>hac</strong></span> <span class='ocrx_word' id='word_1_186' title='bbox 1029 2933 1103 3012; x_wconf 86' lang='lat' dir='ltr'><strong>lege</strong></span> <span class='ocrx_word' id='word_1_187' title='bbox 1134 2933 1374 3011; x_wconf 79' lang='lat' dir='ltr'><strong>comperiamus</strong></span> 
     </span>
     <span class='ocr_line' id='line_1_24' title="bbox 273 3037 1379 3121; baseline -0.008 -15"><span class='ocrx_word' id='word_1_188' title='bbox 273 3041 385 3121; x_wconf 79' lang='lat' dir='ltr'><strong>Quare</strong></span> <span class='ocrx_word' id='word_1_189' title='bbox 414 3042 455 3104; x_wconf 90' lang='lat' dir='ltr'><strong>de</strong></span> <span class='ocrx_word' id='word_1_190' title='bbox 482 3042 551 3103; x_wconf 87' lang='lat' dir='ltr'><strong>eius</strong></span> <span class='ocrx_word' id='word_1_191' title='bbox 573 3049 715 3121; x_wconf 88' lang='lat' dir='ltr'><strong>tempore</strong></span> <span class='ocrx_word' id='word_1_192' title='bbox 736 3039 885 3102; x_wconf 85' lang='lat' dir='ltr'><strong>diversas</strong></span> <span class='ocrx_word' id='word_1_193' title='bbox 906 3039 935 3100; x_wconf 91' lang='lat' dir='ltr'><strong>iu</strong></span> <span class='ocrx_word' id='word_1_194' title='bbox 969 3047 1078 3119; x_wconf 90' lang='lat' dir='ltr'><strong>partes</strong></span> <span class='ocrx_word' id='word_1_195' title='bbox 1108 3037 1300 3119; x_wconf 77' lang='lat' dir='ltr'><strong>disputatum</strong></span> <span class='ocrx_word' id='word_1_196' title='bbox 1328 3045 1379 3098; x_wconf 88' lang='lat' dir='ltr'><strong>est</strong></span> 
     </span>
     <span class='ocr_line' id='line_1_25' title="bbox 272 3141 1378 3232; baseline -0.009 -18"><span class='ocrx_word' id='word_1_197' title='bbox 272 3169 410 3232; x_wconf 86' lang='lat' dir='ltr'><strong>eamque</strong></span> <span class='ocrx_word' id='word_1_198' title='bbox 444 3168 473 3215; x_wconf 84' lang='lat' dir='ltr'><strong>e.</strong></span> <span class='ocrx_word' id='word_1_199' title='bbox 504 3169 533 3214; x_wconf 86' lang='lat' dir='ltr'><strong>u.</strong></span> <span class='ocrx_word' id='word_1_200' title='bbox 560 3147 634 3211; x_wconf 80' lang='grc'><strong>634.</strong></span> <span class='ocrx_word' id='word_1_201' title='bbox 663 3149 818 3231; x_wconf 87' lang='lat' dir='ltr'><strong>perlatam</strong></span> <span class='ocrx_word' id='word_1_202' title='bbox 847 3165 922 3209; x_wconf 89' lang='lat' dir='ltr'><strong>esse</strong></span> <span class='ocrx_word' id='word_1_203' title='bbox 944 3147 1091 3230; x_wconf 76' lang='lat' dir='ltr'><strong>Pighius,</strong></span> <span class='ocrx_word' id='word_1_204' title='bbox 1114 3165 1143 3210; x_wconf 87' lang='lat' dir='ltr'><strong>a.</strong></span> <span class='ocrx_word' id='word_1_205' title='bbox 1165 3167 1193 3208; x_wconf 90' lang='lat' dir='ltr'><strong>n.</strong></span> <span class='ocrx_word' id='word_1_206' title='bbox 1216 3147 1284 3207; x_wconf 87' lang='lat' dir='ltr'><strong>iere</strong></span> <span class='ocrx_word' id='word_1_207' title='bbox 1306 3141 1378 3208; x_wconf 77' lang='grc'><strong>663.</strong></span> 
     </span>
     <span class='ocr_line' id='line_1_26' title="bbox 274 3252 1376 3338; baseline -0.006 -18"><span class='ocrx_word' id='word_1_208' title='bbox 274 3259 507 3321; x_wconf 81' lang='lat' dir='ltr'><strong>Mommsenius</strong></span> <span class='ocrx_word' id='word_1_209' title='bbox 538 3263 587 3338; x_wconf 84' lang='lat' dir='ltr'><strong>(p.</strong></span> <span class='ocrx_word' id='word_1_210' title='bbox 610 3256 794 3332; x_wconf 79' lang='lat' dir='ltr'><strong>181.),neo</strong></span> <span class='ocrx_word' id='word_1_211' title='bbox 815 3255 992 3330; x_wconf 79' lang='lat' dir='ltr'><strong>Orellius³J</strong></span> <span class='ocrx_word' id='word_1_212' title='bbox 1020 3254 1193 3318; x_wconf 77' lang='lat' dir='ltr'><strong>h&#39;ischerus</strong></span> <span class='ocrx_word' id='word_1_213' title='bbox 1206 3255 1252 3331; x_wconf 81' lang='lat'><strong>⁴),</strong></span> <span class='ocrx_word' id='word_1_214' title='bbox 1274 3252 1376 3314; x_wconf 86' lang='lat' dir='ltr'><strong>Wal-</strong></span> 
     </span>
     <span class='ocr_line' id='line_1_27' title="bbox 271 3357 1379 3440; baseline -0.004 -16"><span class='ocrx_word' id='word_1_215' title='bbox 271 3367 402 3439; x_wconf 64' lang='lat' dir='ltr'><strong>terum)</strong></span> <span class='ocrx_word' id='word_1_216' title='bbox 430 3363 636 3427; x_wconf 86' lang='lat' dir='ltr'><strong>contendunt.</strong></span> <span class='ocrx_word' id='word_1_217' title='bbox 658 3365 800 3440; x_wconf 74' lang='lat' dir='ltr'><strong>Quorum</strong></span> <span class='ocrx_word' id='word_1_218' title='bbox 823 3361 1067 3425; x_wconf 84' lang='lat' dir='ltr'><strong>Mommeeuium</strong></span> <span class='ocrx_word' id='word_1_219' title='bbox 1092 3361 1272 3422; x_wconf 86' lang='lat' dir='ltr'><strong>rectissime</strong></span> <span class='ocrx_word' id='word_1_220' title='bbox 1294 3357 1379 3421; x_wconf 90' lang='lat' dir='ltr'><strong>iudi-</strong></span> 
     </span>
     <span class='ocr_line' id='line_1_28' title="bbox 273 3465 1377 3553; baseline -0.01 -17"><span class='ocrx_word' id='word_1_221' title='bbox 273 3491 371 3537; x_wconf 83' lang='lat' dir='ltr'><strong>casse</strong></span> <span class='ocrx_word' id='word_1_222' title='bbox 392 3479 477 3553; x_wconf 84' lang='lat' dir='ltr'><strong>puto.</strong></span> <span class='ocrx_word' id='word_1_223' title='bbox 521 3472 606 3532; x_wconf 85' lang='lat' dir='ltr'><strong>Nam</strong></span> <span class='ocrx_word' id='word_1_224' title='bbox 636 3489 667 3532; x_wconf 87' lang='lat' dir='ltr'><strong>a.</strong></span> <span class='ocrx_word' id='word_1_225' title='bbox 689 3469 760 3533; x_wconf 87' lang='grc'>676.</span> <span class='ocrx_word' id='word_1_226' title='bbox 792 3469 897 3550; x_wconf 86' lang='lat' dir='ltr'><strong>legem</strong></span> <span class='ocrx_word' id='word_1_227' title='bbox 928 3469 1148 3548; x_wconf 84' lang='lat' dir='ltr'><strong>Semproniam</strong></span> <span class='ocrx_word' id='word_1_228' title='bbox 1182 3468 1243 3528; x_wconf 88' lang='lat' dir='ltr'><strong>iam</strong></span> <span class='ocrx_word' id='word_1_229' title='bbox 1280 3465 1377 3527; x_wconf 88' lang='lat' dir='ltr'><strong>abro-</strong></span> 
     </span>
     <span class='ocr_line' id='line_1_29' title="bbox 274 3573 1374 3663; baseline -0.01 -20"><span class='ocrx_word' id='word_1_230' title='bbox 274 3589 385 3663; x_wconf 86' lang='lat' dir='ltr'><strong>gatam</strong></span> <span class='ocrx_word' id='word_1_231' title='bbox 408 3580 510 3640; x_wconf 85' lang='lat' dir='ltr'><strong>inisse</strong></span> <span class='ocrx_word' id='word_1_232' title='bbox 532 3580 578 3644; x_wconf 90' lang='grc' dir='ltr'><strong>Μ.</strong></span> <span class='ocrx_word' id='word_1_233' title='bbox 600 3577 712 3658; x_wconf 80' lang='lat' dir='ltr'><strong>Lepidi</strong></span> <span class='ocrx_word' id='word_1_234' title='bbox 738 3578 839 3640; x_wconf 86' lang='lat' dir='ltr'><strong>verba</strong></span> <span class='ocrx_word' id='word_1_235' title='bbox 861 3577 891 3638; x_wconf 94' lang='lat' dir='ltr'><strong>in</strong></span> <span class='ocrx_word' id='word_1_236' title='bbox 906 3576 1050 3639; x_wconf 87' lang='lat' dir='ltr'><strong>Sallustii</strong></span> <span class='ocrx_word' id='word_1_237' title='bbox 1063 3575 1265 3638; x_wconf 77' lang='lat' dir='ltr'><strong>historiarum</strong></span> <span class='ocrx_word' id='word_1_238' title='bbox 1281 3573 1374 3656; x_wconf 78' lang='lat' dir='ltr'><strong>frag-</strong></span> 
     </span>
    </p>
   </div>
   <div class='ocr_carea' id='block_1_3' title="bbox 277 3802 1382 4420">
    <p class='ocr_par' dir='ltr' id='par_1_4' title="bbox 291 3802 1382 3962">
     <span class='ocr_line' id='line_1_30' title="bbox 291 3802 1382 3873; baseline -0.005 -15"><span class='ocrx_word' id='word_1_239' title='bbox 291 3805 323 3872; x_wconf 84' lang='lat'><strong>1)</strong></span> <span class='ocrx_word' id='word_1_240' title='bbox 341 3809 441 3858; x_wconf 81' lang='lat' dir='ltr'><strong>libetur</strong></span> <span class='ocrx_word' id='word_1_241' title='bbox 458 3811 502 3860; x_wconf 90' lang='lat' dir='ltr'><strong>ad.</strong></span> <span class='ocrx_word' id='word_1_242' title='bbox 519 3812 584 3864; x_wconf 78' lang='lat' dir='ltr'><strong>Her.</strong></span> <span class='ocrx_word' id='word_1_243' title='bbox 603 3810 622 3859; x_wconf 90' lang='lat' dir='ltr'><strong>l.</strong></span> <span class='ocrx_word' id='word_1_244' title='bbox 640 3810 660 3860; x_wconf 94' lang='lat' dir='ltr'><strong>l.</strong></span> <span class='ocrx_word' id='word_1_245' title='bbox 671 3809 754 3860; x_wconf 76' lang='lat' dir='ltr'><strong>«Cum</strong></span> <span class='ocrx_word' id='word_1_246' title='bbox 773 3809 939 3861; x_wconf 73' lang='lat' dir='ltr'><strong>Saturmuus</strong></span> <span class='ocrx_word' id='word_1_247' title='bbox 956 3809 1045 3873; x_wconf 84' lang='lat' dir='ltr'><strong>legem</strong></span> <span class='ocrx_word' id='word_1_248' title='bbox 1064 3803 1272 3857; x_wconf 76' lang='lat' dir='ltr'><strong>frumentariam</strong></span> <span class='ocrx_word' id='word_1_249' title='bbox 1289 3802 1320 3852; x_wconf 79' lang='lat' dir='ltr'><strong>de</strong></span> <span class='ocrx_word' id='word_1_250' title='bbox 1337 3817 1382 3852; x_wconf 89' lang='lat' dir='ltr'><strong>se-</strong></span> 
     </span>
     <span class='ocr_line' id='line_1_31' title="bbox 341 3899 971 3962; baseline 0.01 -13"><span class='ocrx_word' id='word_1_251' title='bbox 341 3899 467 3950; x_wconf 84' lang='lat' dir='ltr'><strong>missibus</strong></span> <span class='ocrx_word' id='word_1_252' title='bbox 485 3905 512 3950; x_wconf 86' lang='lat' dir='ltr'><strong>et</strong></span> <span class='ocrx_word' id='word_1_253' title='bbox 529 3902 669 3952; x_wconf 83' lang='lat' dir='ltr'><strong>trientibus</strong></span> <span class='ocrx_word' id='word_1_254' title='bbox 686 3903 793 3962; x_wconf 81' lang='lat' dir='ltr'><strong>laturus</strong></span> <span class='ocrx_word' id='word_1_255' title='bbox 811 3906 899 3952; x_wconf 79' lang='lat' dir='ltr'><strong>esset»</strong></span> <span class='ocrx_word' id='word_1_256' title='bbox 917 3906 971 3955; x_wconf 83' lang='lat' dir='ltr'><strong>etc.</strong></span> 
     </span>
    </p>

    <p class='ocr_par' dir='ltr' id='par_1_5' title="bbox 294 3985 1382 4146">
     <span class='ocr_line' id='line_1_32' title="bbox 294 3985 1382 4060; baseline -0.006 -20"><span class='ocrx_word' id='word_1_257' title='bbox 294 3988 329 4054; x_wconf 74' lang='lat'><strong>2]</strong></span> <span class='ocrx_word' id='word_1_258' title='bbox 346 4005 371 4053; x_wconf 91' lang='lat' dir='ltr'><strong>p.</strong></span> <span class='ocrx_word' id='word_1_259' title='bbox 392 3991 454 4041; x_wconf 71' lang='lat'>180.</span> <span class='ocrx_word' id='word_1_260' title='bbox 474 3997 531 4046; x_wconf 83' lang='lat' dir='ltr'><strong>unt.</strong></span> <span class='ocrx_word' id='word_1_261' title='bbox 552 3995 594 4044; x_wconf 86' lang='grc'><strong>10.</strong></span> <span class='ocrx_word' id='word_1_262' title='bbox 618 3994 764 4046; x_wconf 78' lang='lat' dir='ltr'><strong>aulienbar</strong></span> <span class='ocrx_word' id='word_1_263' title='bbox 780 3995 850 4060; x_wconf 81' lang='lat' dir='ltr'><strong>liegt</strong></span> <span class='ocrx_word' id='word_1_264' title='bbox 868 3993 893 4044; x_wconf 88' lang='lat' dir='ltr'><strong>in</strong></span> <span class='ocrx_word' id='word_1_265' title='bbox 911 3995 961 4044; x_wconf 87' lang='lat' dir='ltr'><strong>der</strong></span> <span class='ocrx_word' id='word_1_266' title='bbox 977 3988 1181 4053; x_wconf 79' lang='lat' dir='ltr'><strong>Substituirung</strong></span> <span class='ocrx_word' id='word_1_267' title='bbox 1197 4011 1230 4024; x_wconf 91' lang='lat'><strong>—-</strong></span> <span class='ocrx_word' id='word_1_268' title='bbox 1249 3985 1311 4036; x_wconf 85' lang='lat' dir='ltr'><strong>eine</strong></span> <span class='ocrx_word' id='word_1_269' title='bbox 1331 3986 1382 4034; x_wconf 81' lang='lat' dir='ltr'><strong>hrt</strong></span> 
     </span>
     <span class='ocr_line' id='line_1_33' title="bbox 347 4082 616 4146; baseline -0.007 -16"><span class='ocrx_word' id='word_1_270' title='bbox 347 4082 616 4146; x_wconf 75' lang='lat' dir='ltr'><strong>Demagngenwitz.»</strong></span> 
     </span>
    </p>

    <p class='ocr_par' dir='ltr' id='par_1_6' title="bbox 277 4170 827 4236">
     <span class='ocr_line' id='line_1_34' title="bbox 277 4170 827 4236; baseline 0.013 -17"><span class='ocrx_word' id='word_1_271' title='bbox 277 4170 325 4234; x_wconf 49' lang='lat'><strong>18)</strong></span> <span class='ocrx_word' id='word_1_272' title='bbox 347 4171 428 4220; x_wconf 85' lang='lat' dir='ltr'><strong>index</strong></span> <span class='ocrx_word' id='word_1_273' title='bbox 445 4173 536 4236; x_wconf 83' lang='lat' dir='ltr'><strong>legum</strong></span> <span class='ocrx_word' id='word_1_274' title='bbox 554 4187 576 4222; x_wconf 86' lang='lat' dir='ltr'><strong>s.</strong></span> <span class='ocrx_word' id='word_1_275' title='bbox 596 4176 614 4223; x_wconf 88' lang='lat' dir='ltr'><strong>t.</strong></span> <span class='ocrx_word' id='word_1_276' title='bbox 633 4173 681 4224; x_wconf 83' lang='lat' dir='ltr'><strong>lex</strong></span> <span class='ocrx_word' id='word_1_277' title='bbox 699 4171 827 4226; x_wconf 77' lang='lat' dir='ltr'><strong>Octavia·</strong></span> 
     </span>
    </p>

    <p class='ocr_par' dir='ltr' id='par_1_7' title="bbox 292 4259 1127 4326">
     <span class='ocr_line' id='line_1_35' title="bbox 292 4259 1127 4326; baseline -0.002 -14"><span class='ocrx_word' id='word_1_278' title='bbox 292 4261 325 4324; x_wconf 83' lang='lat'><strong>4)</strong></span> <span class='ocrx_word' id='word_1_279' title='bbox 344 4264 438 4312; x_wconf 78' lang='lat' dir='ltr'><strong>linem.</strong></span> <span class='ocrx_word' id='word_1_280' title='bbox 456 4263 612 4315; x_wconf 75' lang='lat' dir='ltr'><strong>zeitteielu.</strong></span> <span class='ocrx_word' id='word_1_281' title='bbox 630 4263 733 4316; x_wconf 81' lang='lat' dir='ltr'><strong>Altnue</strong></span> <span class='ocrx_word' id='word_1_282' title='bbox 752 4259 834 4314; x_wconf 80' lang='lat'><strong>1846.</strong></span> <span class='ocrx_word' id='word_1_283' title='bbox 845 4275 871 4326; x_wconf 87' lang='lat' dir='ltr'><strong>p.</strong></span> <span class='ocrx_word' id='word_1_284' title='bbox 890 4262 955 4316; x_wconf 74' lang='lat'><strong>148.</strong></span> <span class='ocrx_word' id='word_1_285' title='bbox 973 4265 1000 4313; x_wconf 84' lang='lat' dir='ltr'><strong>et</strong></span> <span class='ocrx_word' id='word_1_286' title='bbox 1016 4276 1042 4326; x_wconf 86' lang='lat' dir='ltr'><strong>p.</strong></span> <span class='ocrx_word' id='word_1_287' title='bbox 1059 4259 1127 4312; x_wconf 73' lang='lat'><strong>477.</strong></span> 
     </span>
    </p>

    <p class='ocr_par' dir='ltr' id='par_1_8' title="bbox 293 4349 757 4420">
     <span class='ocr_line' id='line_1_36' title="bbox 293 4349 757 4420; baseline 0.002 -18"><span class='ocrx_word' id='word_1_288' title='bbox 293 4349 325 4418; x_wconf 78' lang='lat' dir='ltr'><strong>b)</strong></span> <span class='ocrx_word' id='word_1_289' title='bbox 342 4353 377 4408; x_wconf 79' lang='grc' dir='ltr'><strong>Β.</strong></span> <span class='ocrx_word' id='word_1_290' title='bbox 393 4353 588 4418; x_wconf 80' lang='lat' dir='ltr'><strong>Rechtsgeeelr.</strong></span> <span class='ocrx_word' id='word_1_291' title='bbox 605 4356 628 4408; x_wconf 84' lang='lat' dir='ltr'><strong>l.</strong></span> <span class='ocrx_word' id='word_1_292' title='bbox 646 4369 671 4420; x_wconf 85' lang='lat' dir='ltr'><strong>p.</strong></span> <span class='ocrx_word' id='word_1_293' title='bbox 690 4355 757 4404; x_wconf 71' lang='lat' dir='ltr'><strong>unt.</strong></span> 
     </span>
    </p>
   </div>
   <div class='ocr_carea' id='block_1_4' title="bbox 0 0 1595 5014">
    <p class='ocr_par' dir='ltr' id='par_1_9' title="bbox 0 0 1595 5014">
     <span class='ocr_line' id='line_1_37' title="bbox 0 0 1595 5014; baseline 0 0"><span class='ocrx_word' id='word_1_294' title='bbox 0 0 1595 5014; x_wconf 95' lang='lat' dir='ltr'><strong> </strong></span> 
     </span>
    </p>
   </div>
  </div>
 </body>
</html>
