3172 5014
679 488 886 551 ..21-

228 674 310 738 haee
332 669 497 736 multitudo
516 669 557 735 ad
575 669 729 734 libertatis
741 669 907 734 Romanae
924 666 1095 750 excidium,
1112 687 1172 759 neo
1184 677 1328 732 nostrum

229 789 280 842 est
303 779 354 842 irie
376 797 554 861 exponere,
583 799 643 844 neo
665 782 815 862 uniquam
836 779 949 842 horum
973 785 1150 860 temporum
1173 780 1331 842 historias

229 887 336 969 aliqua
358 905 399 950 ex
419 895 510 968 parte
530 905 631 970 gnaro
653 889 796 971 ignotum
819 896 880 950 est

655 1528 800 1586 OAPU'!
821 1530 885 1594 ΠΙ·

251 1676 309 1738 De
329 1679 564 1740 constituta
585 1697 657 1761 per
676 1681 753 1742 lul.
773 1679 993 1744 Caessrem
1016 1689 1053 1744 et
1076 1682 1312 1762 Augustum

550 1787 748 1852 frumenti
768 1789 1007 1871 largitione.

315 1963 389 2042 Quo
415 1973 483 2030 tots
508 1966 577 2030 iere
605 1967 821 2034 Rornanorum
850 1971 1012 2054 legislatio
1040 1975 1174 2036 saeculo
1197 1973 1332 2055 septimo

231 2095 261 2141 u.
286 2095 316 2138 o.
336 2079 498 2142 ferebatur
520 2081 653 2161 partium
674 2083 801 2164 studio,
832 2102 875 2146 ex
895 2103 935 2146 eo
954 2084 1050 2148 etiam
1073 2087 1163 2166 leges
1187 2079 1332 2148 trumen-

231 2186 330 2249 tarias
349 2196 437 2250 onas
459 2206 535 2252 esse
555 2189 649 2253 modo
672 2191 822 2254 vidimus.
847 2190 907 2254 Cui
923 2210 993 2255 eum
1007 2191 1102 2255 linem
1126 2195 1333 2274 imposuisset
1403 2199 1408 2214 ‘

232 2298 288 2358 lul
314 2296 459 2380 Caesar,
491 2307 524 2362 et
551 2303 622 2379 ipso
652 2310 685 2363 et
712 2304 765 2383 qui
787 2319 858 2362 eum
880 2303 913 2362 iu
931 2317 1056 2362 summo
1077 2319 1180 2362 rerum
1201 2301 1332 2381 irnperio

232 2413 364 2467 seeutus
386 2407 630 2490 estAngn'stus
651 2417 686 2472 ut
709 2411 805 2471 multa
827 2409 889 2472 alia
910 2413 942 2471 io
970 2409 1143 2491 republioa,
1166 2408 1211 2472 ita
1234 2408 1329 2469 etiam

233 2512 385 2577 frumenti
411 2516 614 2596 largitione·
645 2518 741 2580 oertis
770 2517 895 2598 legibus
919 2518 1160 2578 constituerunt.
1203 2517 1276 2592 Qua
1300 2516 1329 2576 in

232 2643 268 2684 re
288 2624 439 2705 imprimis
459 2626 638 2689 Caesarom-
657 2624 686 2689 id
706 2627 819 2706 egisse
839 2624 1014 2706 apparebit,
1038 2633 1074 2685 ut
1094 2622 1205 2685 harum
1229 2623 1331 2703 largi·

235 2731 354 2792 tionum
384 2731 519 2794 abusum
549 2737 611 2795 etsi
632 2750 708 2794 non
737 2749 869 2813 prorsus
906 2731 1050 2803 tolleret,
1086 2738 1193 2792 tamen
1230 2729 1334 2810 questi

231 2847 343 2919 posset
371 2849 546 2903 sperneret
595 2838 698 2917 Quem
729 2839 822 2900 linem
853 2838 1013 2920 quomodo
1044 2838 1171 2919 assequi
1195 2846 1328 2899 conatus

233 2945 286 3017 sit,
310 2963 351 3007 ex
368 2946 515 3009 Suetonii
536 2948 721 3027 praesertim
746 2947 853 3007 verbis
872 2947 1071 3027 perspiritur,
1090 2945 1222 3028 quaein
1240 2943 1329 3007 Cae·

233 3055 319 3117 saris
341 3057 408 3118 vita
429 3074 454 3117 o.
467 3055 517 3116 tt.
532 3054 695 3135 leguntur:
718 3055 927 3127 „Recensum
951 3055 1057 3135 populi
1080 3071 1141 3116 neo
1164 3071 1250 3115 more
1271 3067 1334 3116 neo

233 3163 306 3224 loeo
326 3164 432 3237 solito,
456 3163 515 3224 sed
536 3165 665 3223 vicatim
679 3181 745 3251 ,per
766 3162 911 3223 dominos
932 3163 1103 3222 insularum
1125 3161 1212 3240 egit,
1234 3165 1333 3240 atque

233 3289 277 3333 ex
302 3261 425 3350 viginti
445 3271 663 3352 trecentisque
690 3269 825 3332 millibus
853 3270 1073 3350 accipientium
1103 3269 1291 3330 trumentum
1314 3287 1334 3328 e

233 3377 359 3459 publioo
377 3377 419 3440 ad
441 3386 567 3440 eentum
589 3379 815 3461 quinquaginta
837 3379 977 3440 retraxit.
1028 3377 1080 3440 Ao
1109 3397 1150 3439 ne
1178 3376 1229 3458 qui
1258 3376 1333 3438 novi

235 3495 347 3560 coetus
369 3487 565 3550 recensionis
586 3502 685 3549 eausa
707 3485 829 3547 moveri
852 3483 1042 3566 quandoque
1062 3492 1213 3567 possent,
1239 3483 1332 3547 insti·

236 3597 296 3656 tuit
317 3595 485 3677 quotannis
513 3593 545 3655 ia
572 3592 807 3656 demortuorum
836 3593 938 3654 locum
967 3611 1008 3653 ex
1035 3594 1073 3653 iis
1101 3593 1153 3673 qui
1181 3593 1332 3656 recensiti

236 3721 298 3763 non
319 3710 440 3784 essent,
462 3701 649 3763 subsortitio
669 3720 688 3764 a
710 3709 857 3781 praetore
873 3701 1036 3775 fleret¹).“
1079 3702 1232 3782 Magnam
1249 3701 1331 3763 hano

236 3809 480 3874 deminutionem
502 3811 619 3872 oinium
643 3810 833 3874 trumentum
855 3809 1013 3890 publicum
1027 3809 1246 3890 accipientium
1260 3827 1332 3874 enm

235 3919 377 3982 civitatis
405 3930 535 3985 strenue
565 3913 766 4001 examine2),
796 3927 861 3980 tum
890 3936 970 3980 vero
1003 3916 1168 4017 octogiuta
1198 3915 1350 3977 millibus.

247 4079 535 4100 ——¹¹-—

257 4179 285 4242 1)
303 4177 361 4228 hir.
373 4178 479 4242 epitom.
489 4179 545 4234 115.
563 4179 733 4234 »Recensum
750 4183 806 4246 egit
823 4181 963 4246 (caesar),
981 4196 1034 4246 quo
1053 4194 1134 4232 censa
1151 4184 1215 4232 sunt
1232 4180 1334 4232 olrlnm

305 4270 395 4332 capita
413 4275 521 4322 eentum
538 4272 859 4345 qninquagintaqmilltan
878 4274 929 4326 ltin
948 4273 1060 4326 Cassius
1077 4270 1176 4328 xhlll.
1194 4272 1232 4324 21.

252 4363 281 4428 2)
299 4361 351 4413 Dio
369 4361 477 4416 omnim
494 4366 514 4416 l.
532 4363 550 4414 l.
