3172 5014
641 498 852 563 ...27-

199 700 271 746 curn
295 684 341 746 ita
363 691 475 745 essent
495 643 557 746 nou
579 681 681 762 potuit
699 697 761 752 non
785 680 867 761 lieri,'
889 688 922 743 ut
945 681 1106 762 paullatim
1132 681 1223 762 plebs
1237 680 1302 742 ιιι*-

203 788 287 850 bana
320 788 439 852 ciuium
472 786 660 850 frumentum
695 787 858 866 publicum·
887 787 1111 866 accipientium
1142 795 1305 850 numerum
1403 775 1404 780 ¹

202 902 371 974 superaret
392 911 497 976 neque
517 897 650 975 amplius
675 894 794 958 urbana
817 913 856 957 ao
875 895 1081 956 frumentaria
1113 896 1204 974 plebs
1224 896 1306 956 idem

170 1027 172 1031 ·
206 1000 431 1080 significarent.
486 1001 595 1079 Quare
632 1001 803 1083 Augustus
835 999 866 1062 iu
898 1012 1100 1064 monumento
1136 1005 1308 1084 Aneyrano
1382 1013 1390 1018 ”

206 1115 373 1188 postquam
397 1108 500 1188 priora
522 1109 786 1199 suacengiaria,
818 1129 899 1192 quaa
920 1121 995 1173 ante
1016 1131 1132 1174 anuum
1153 1113 1225 1175 752.
1246 1112 1307 1174 dea
1353 1103 1355 1107 ’

202 1212 303 1290 derat,
334 1214 374 1278 ad
415 1217 537 1297 plebem
570 1217 722 1280 urbanam
744 1219 935 1299 peruenisse
966 1222 1129 1296 narravit,
1164 1219 1307 1282 ultimum

113 1397 115 1401 Ι
204 1321 319 1401 ιιρΙοΙιι,
354 1339 437 1402 quaa
460 1331 525 1384 lum
546 1323 738 1408 ¹frumentum
762 1324 921 1404 publicum
944 1335 1167 1406 acceperunta-
1186 1343 1225 1387 se
1246 1324 1308 1387 de·

205 1427 293 1490 disse
316 1428 399 1492 dicit.
443 1429 560 1511 Neque
584 1430 669 1512 quod
696 1432 798 1494 sciam
828 1432 981 1512 proximis
1001 1434 1143 1496 saeculis
1166 1432 1217 1494 hie
1249 1451 1306 1494 ree

145 1560 152 1570 ι
203 1554 272 1606 rum
296 1534 373 1598 ordo
397 1537 510 1598 iterum
534 1538 716 1600 immutatus
739 1547 771 1600 et
792 1539 877 1600 sicut
896 1548 991 1601 arrico
1015 1540 1129 1621 cuique
1151 1540 1217 1602 civi
1236 1540 1330 1607 lru·.

205 1652 345 1726 mentum
368 1642 475 1704 datum
498 1652 557 1706 est.
599 1645 684 1707 Nam
716 1646 954 1708 cumSeverus
977 1646 1059 1726 plebi
1083 1647 1309 1710 frumentariae
1385 1677 1387 1684 >

204 1758 237 1812 et
267 1749 449 1814 cohortibus
479 1753 685 1831 praetorianis
713 1753 908 1832 congiarium
940 1752 1047 1834 daret,
1081 1741 1145 1816 hoe
1172 1754 1340 1818 ducenta.

204 1856 304 1920 taillia
319 1857 486 1942 ‘homiuum
507 1858 759 1938 aeceperunt1),‚
776 1859 819 1921 ila
835 1867 870 1920 ut
883 1859 1076 1922 frumentum
1091 1863 1309 1942 accipientium

204 1986 357 2030 numerus
377 1947 461 2028 idem
484 1975 575 2030 esset
597 1986 637 2029 ae
658 1969 718 2028 sub
741 1970 901 2052 Augusto,
925 1969 984 2030 uisi
1006 1971 1229 2052 quodSeuero
1244 1973 1308 2033 im-

205 2086 354 2160 peratore
374 2078 437 2140 hoc
456 2096 586 2140 numero
608 2078 723 2139 milites
744 2079 1306 2164 praetorianicomprehendebantur,
1385 2129 1388 2134 1

205 2187 257 2268 qui
281 2204 300 2247 a
319 2186 454 2254 *Nerone
475 2185 601 2248 demum
613 2189 644 2260 ⁹)
658 2184 697 2245 ad
712 2189 884 2266 gratuitam
897 2187 1044 2248 frumeuti
1057 2189 1309 2272 distributionem

204 2293 336 2355 admissi
357 2303 458 2355 erant.
502 2285 734 2356 Mommsenius
767 2293 892 2376 quidem
928 2293 1081 2356 detractis
1102 2294 1142 2356 de
1164 2295 1226 2357 boa
1248 2309 1311 2358 rou-‘-

205 2421 294 2464 mero
318 2401 528 2484 quadraginta
550 2401 685 2463 millibus
707 2402 978 2483 praetorianorum
1006 2401 1241 2466 iuvenissesrbi
1258 2406 1311 2465 vl-

205 2508 297 2570 dalur
319 2510 435 2572 civium
457 2509 572 2572 Severi
596 2517 740 2588 tempore
759 2509 894 2571 Romam
907 2508 1110 2571 incolentium
1135 2529 1310 2590 numerum,

205 2615 250 2676 ita
270 2623 305 2676 ul
325 2616 377 2677 bie
402 2615 442 2676 ab
473 2617 614 2695 Augusti
646 2625 753 2678 aetate
781 2614 1012 2695 baud-exiguo
1044 2615 1136 2676 modo
1170 2617 1309 2680 minutus

207 2729 319 2786 esset.
350 2725 394 2784 At
422 2724 606 2784 nouaclum
637 2725 709 2784 talis
738 2723 908 2787 deminutio
936 2744 1046 2806 parum
1073 2727 1311 2804 probabilitatis

207 2830 316 2910 babet,
338 2831 398 2894 sed
420 2831 517 2892 otiam*
535 2841 649 2892 auctos
684 2849 760 2892 esse
789 2833 938 2892 eorrtlnuo
960 2831 1045 2893 urbis
1067 2833 1188 2894 incolas
1210 2837 1311 2916 usque

207 2938 249 3001 ad
271 2938 437 3001 Maximini
458 2946 614 3019 tempora,
638 2938 720 3000 haud
743 2947 863 3001 temere
885 2939 1065 2999 Bunsenius
1090 2941 1291 3020 opiruturl).

293 3044 375 3106 Cum
397 3045 429 3105 iu
459 3043 519 3105 lrac
536 3045 631 3125 plebe
655 3045 860 3106 frumentaria
884 3043 1062 3108 distributio
1088 3046 1236 3107 frumenti
1258 3069 1314 3129 per

206 3155 356 3234 tringinta
380 3155 516 3234 quinque
538 3154 639 3214 tribus
662 3154 761 3227 lieret,
791 3173 860 3212 eam
883 3155 986 3232 ipsam
1010 3171 1109 3232 saepe
1130 3156 1315 3235 simpliclter

208 3259 346 3320 utribus«
367 3262 560 3320 nominatam
580 3276 668 3334 csse,
692 3259 924 3320 Mommsouius
946 3259 1228 3333 demonstravit4).
1263 3267 1313 3326 Ab

207 3364 258 3427 his
274 3375 379 3428 autem
388 3367 488 3446 plebis
510 3367 737 3430 frumentariae
757 3369 901 3430 tribubus
924 3388 1034 3449 parum
1057 3374 1208 3456 probabili
1221 3375 1314 3437 modo

208 3491 383 3553 pauperum
408 3474 551 3554 gratuito
572 3473 762 3536 frumentum
786 3478 1150 3556 accipierrtium'eivium
1168 3495 1313 3562 corpora,

209 3597 293 3665 quae
312 3581 387 3642 item
418 3581 520 3642 tribus
549 3583 708 3662 appellata
729 3593 861 3659 essent,
893 3583 1045 3646 distinxit.
1088 3589 1203 3667 Neque
1227 3590 1312 3649 enim

208 3687 305 3750 huius
327 3689 372 3749 rei
396 3689 609 3750 testimouium
632 3689 738 3751 afferri
756 3700 875 3772 potest,
890 3693 1150 3776 quodpa'up'ares
1166 3696 1205 3756 ab
1220 3696 1316 3758 buius

210 3796 364 3877 temporis
393 3796 603 3878 scriptoribus
630 3797 786 3860 interdum
813 3799 946 3862 tribulos
979 3803 1186 3865 nominantur.
1210 3805 1314 3866 ‘Nam

226 4015 258 4079 1)
276 4017 326 4067 lile
345 4018 419 4070 coss.
442 4019 568 4070 bxxvl.
587 4018 613 4072 1.
631 4019 658 4071 2.
676 4021 703 4068 el
720 4015 867 4070 Centareol
881 4018 899 4068 l.
907 4017 925 4067 l.
937 4031 962 4080 p.
973 4018 1037 4067 966.
1048 4017 1198 4066 Mommsen
1207 4027 1234 4078 p.
1247 4015 1316 4066 192.

115 4128 117 4132 ¹
206 4134 208 4140 ·
227 4105 262 4171 θ)
278 4108 492 4164 Βιιοιοιι.·Νειο.
511 4100 537 4160 ο.
557 4108 601 4159 10.
620 4109 684 4158 Tae.
705 4112 775 4161 Aoo.
792 4109 851 4157 XV.
871 4107 918 4160 72.
1288 4101 1290 4108 '

230 4201 261 4265 8)
280 4201 480 4267 liescbreibung
497 4205 545 4252 der
562 4203 641 4253 stadt
657 4205 725 4253 Rom
744 4203 764 4252 l.
782 4216 809 4266 p.
829 4200 893 4250 185.

206 4317 210 4322 ·
231 4293 265 4358 1)
283 4291 334 4343 elr.
358 4295 389 4342 de
415 4295 466 4346 bae
490 4296 608 4347 tribuum
634 4295 830 4359 significatione
848 4291 1039 4346 casaubonum
1063 4286 1091 4338 in
1115 4279 1314 4338 commentariis

281 4386 315 4435 ad
334 4385 458 4452 Suetortli
476 4385 573 4438 (lotar.
591 4401 617 4438 c.
636 4386 697 4438 101.
