3172 5014
717 471 904 540 „g-

260 655 409 740 videtur,
432 669 509 740 nost
529 657 568 722 C.
597 655 766 723 (iraebnm
796 675 877 720 vero
904 655 1059 741 perunum
1084 645 1204 741 exiguo
1226 667 1359 740 'semper

258 766 504 847 stationarium
527 765 620 830 tritiui
640 765 765 829 modum
788 765 872 828 omui
893 783 1005 828 manse
1023 765 1173 828 ‹lonstum
1192 782 1269 829 esse
1289 769 1359 829 sin-

260 873 493 956 gulis-civibus
512 873 936 938 Romanis'eonseotanoum
961 883 1021 941 est.
1051 877 1265 956 -Qosmqmm
1279 890 1362 956 quae

263 979 305 1043 de
324 980 386 1042 bae
407 1000 442 1042 re
464 981 528 1043 lata
548 991 600 1045 est
621 983 734 1064 legum
747 983 860 1055 series,
874 983 991 1046 summi
1011 981 1070 1044 t‘uit
1091 981 1268 1062 iri-partium
1286 999 1361 1044 oer-

261 1089 387 1153 tamtus
399 1088 567 1166 momenti,
589 1097 695 1152 tamon
716 1107 828 1170 parum
840 1108 911 1151 eom
926 1093 1181 1170 uuoueognitam
1199 1090 1362 1152 babemus.

263 1195 375 1277 Atque
393 1195 455 1260 iam
474 1195 519 1260 de
536 1195 647 1276 prima,
677 1213 771 1278 quam
795 1196 834 1258 G.
856 1197 1064 1276 Sempronius
1085 1195 1257 1258 Gracchus
1279 1197 1359 1269 tulit,

262 1302 339 1366 nibil
362 1301 447 1364 aliud
476 1320 573 1382 quam
594 1301 730 1382 prorro-
749 1302 884 1384 siagulia
902 1304 1055 1366 immeriti
1076 1303 1188 1368 modiis
1207 1312 1362 1366 statutum

263 1408 365 1475 serris
394 1419 541 1475 veteram
570 1411 760 1475 testimoniis
781 1410 927 1473 traditum
947 1419 1009 1475 ¹rant.
1052 1411 1279 1473 Verumtamen
1302 1427 1364 1472 nou

263 1517 423 1580 semisses
437 1526 470 1580 et
480 1518 614 1584 trientes
630 1518 694 1580 boe
714 1518 829 1598 fuisse,
854 1529 888 1581 ur
909 1527 1003 1581 autea
1016 1518 1213 1595 credebatur,
1234 1518 1292 1580 sod
1306 1536 1365 1579 se·

264 1642 328 1686 nos
347 1642 444 1688 asses
474 1635 514 1690 et
533 1628 668 1688 trientes
694 1626 927 1688 Mommseoius
955 1625 1080 1688 rlomum
1109 1645 1128 1688 o
1156 1635 1300 1688 veterum
1324 1629 1364 1688 li·

266 1731 395 1796 brorum
423 1733 590 1813 seripturis
618 1733 699 1796 eruit
725 1733 761 1808 (l.
782 1735 801 1795 l.
822 1753 852 1814 p.
876 1734 945 1810 tre,
969 1733 1082 1812 180.);
1116 1751 1305 1814 omnemque
1326 1733 1367 1795 do

267 1839 340 1903 elus
374 1839 574 1902 restitutione
605 1837 832 1901 dubitationem
866 1840 1078 1913 Walteru1)
1107 1840 1199 1901 nobis
1236 1839 1366 1920 arlemit,

265 1945 402 2010 ,laudens
427 1947 596 2010 Gioerouis
627 1948 728 2008 verba
754 1967 801 2028 pr.
829 1948 940 2010 Sestio
970 1967 997 2010 o.
1016 1947 1075 2023 25,
1107 1949 1159 2028 qui
1180 1967 1238 2028 per
1261 1949 1366 2031 legem

269 2054 416 2118 Clodiam
438 2055 581 2117 remissis
604 2055 763 2117 bissenis
785 2063 818 2116 et
838 2055 1006 2118 trientibus
1019 2057 1268 2138 quintamprope
1289 2074 1370 2118 veo·

258 2164 412 2246 'tigelium
435 2172 556 2243 partem
586 2165 744 2227 sublatam
772 2181 846 2226 esse
868 2159 955 2225 dieii.
998 2164 1091 2243 Quae
1113 2166 1213 2228 verba
1234 2167 1370 2246 ineptis-

270 2273 352 2335 sime
374 2282 496 2338 tautum
519 2271 560 2334 de
580 2273 769 2334 semissibus
792 2280 824 2333 et
847 2272 1012 2334 trientibus
1034 2273 1189 2353 proferri,
1224 2277 1298 2356 quis
1320 2281 1371 2334 est

270 2379 408 2462 quinon
430 2375 565 2442 videat?
602 2381 712 2455 Quare
742 2380 796 2440 vix
825 2398 941 2460 operae
968 2383 1103 2460 pretium
1129 2384 1190 2442 erit
1218 2382 1368 2452 refutare,

272 2506 359 2570 quae
386 2495 496 2550 contra
522 2487 766 2549 Mommseuium
795 2487 939 2550 Kuhuius
966 2489 1080 2552 attulit.
1123 2490 1227 2552 Unum
1250 2497 1371 2550 tautum

275 2605 498 2679 argumentum
519 2591 701 2674 diligentius
724 2593 906 2659 examinaro
927 2595 1088 2675 volumus,
1115 2597 1188 2675 quia
1210 2595 1251 2658 ad
1273 2605 1372 2658 totam

272 2725 340 2769 rem
361 2703 598 2767 frumentariam
615 2701 831 2765 Romanorum
846 2703 1076 2768 diiudicandum
1090 2705 1206 2767 summi
1221 2706 1372 2766 momenti

274 2823 336 2880 est.
377 2791 575 2893 Repuguare
604 2814 685 2874 euim
714 2821 805 2893 putat
827 2812 975 2873 Kubnius
998 2813 1099 2892 pretio
1119 2832 1139 2875 a
1161 2811 1374 2873 Mommsenio

268 2941 297 2985 e
316 2915 407 2982 libris
416 2919 569 2996 exhibito,
590 2917 677 2998 quod
694 2917 809 2980 (lioero
826 2919 909 3000 legis
926 2919 1139 2999 Semproniae
1157 2919 1375 2998 liberalitatem

263 3032 409 3109 saepius
438 3028 589 3089 acerrime
617 3027 768 3107 increpat.
811 3025 934 3088 Verum
967 3028 1124 3090 modicum
1157 3030 1259 3090 fuisse
1281 3029 1374 3092 tritioi

272 3113 412 3219 'pretium
433 3137 566 3198 sueoulo
590 3136 726 3217 septimo
749 3137 1115 3216 sestertiosteroo'sipse
1129 3115 1276 3198 liubuius
1291 3135 1376 3198 haud

274 3245 419 3327 ignorato
454 3245 526 3306 lloe
544 3246 627 3304 enim
650 3259 708 3305 suo
731 3243 801 3304 inre
824 3243 1006 3304 lloeclrhius
1029 3243 1101 3304 inrle
1122 3245 1262 3326 collegit,
1293 3245 1377 3324 quod

264 3358 347 3436 ipse
377 3360 509 3417 senatus
538 3353 705 3416 Romanus
730 3352 897 3413 sestertios
927 3357 1035 3412 ternos
1062 3351 1116 3412 vel
1146 3359 1252 3412 ternos
1279 3351 1378 3412 semis

276 3464 475 3547 prosingulis
491 3461 585 3524 tritior
596 3458 708 3523 modiis
719 3459 868 3522 solvebat
884 3458 1073 3539 (Metrolog.
1084 3439 1378 3540 Untersuebungen

276 3599 561 3615 m...—

267 3723 270 3730 .
344 3674 469 3726 libellum
487 3671 692 3728 commemorari
711 3671 799 3738 video,
826 3683 880 3722 nou
898 3683 1007 3734 pomum
1026 3669 1069 3721 bio
1086 3682 1140 3720 uon
1156 3668 1277 3723 breviter
1293 3669 1380 3720 attiu-

277 3815 288 3834 ,,
344 3778 410 3830 gere
427 3763 548 3816 auctoris
566 3766 593 3812 et
608 3761 747 3813 levitatem
766 3765 794 3814 et
812 3761 1017 3832 impudentiam,
1043 3771 1167 3822 quantun
1185 3758 1273 3811 solum
1291 3759 1381 3822 Septi-

345 3855 425 3906 mium
447 3858 473 3904 et
496 3854 681 3904 Alexandrum
708 3854 845 3904 Severum,
868 3851 976 3914 aliaque
998 3849 1130 3904 eiusmodi
1160 3851 1303 3902 contundit
1332 3852 1381 3900 aed

270 3927 273 3936 ,
344 3947 426 4000 etiam
445 3947 541 4020 verba,
559 3959 627 4009 quae
645 3959 680 3996 ex
697 3945 786 3996 latina
803 3946 916 4008 quadam
936 3942 1063 3992 versione
1080 3939 1170 3992 Cassii
1185 3942 1278 3992 Dionis
1289 3956 1383 4003 sumn-

344 4041 388 4112 sit,
405 4040 494 4092 Plinio
511 4044 538 4090 et
557 4041 679 4108 Senecae
696 4037 842 4100 uosortpstr
859 4034 994 4098 multaque
1012 4047 1028 4086 e
1045 4032 1192 4088 Goutareui
1208 4037 1242 4086 de
1260 4035 1381 4086 bumen-

338 4133 419 4202 ¹taria
443 4132 590 4198 largitione
612 4130 839 4194 commentatione
861 4134 889 4182 et
906 4142 941 4180 ex
959 4127 1120 4182 (iuthetreil
1137 4129 1172 4180 ad
1190 4125 1257 4180 turta
1272 4125 1384 4178 eudiees

324 4277 326 4286 A
344 4226 546 4278 commentariis
564 4226 730 4277 verbotenus
748 4221 947 4284 transscripsit.
1001 4275 1006 4282 ,

296 4315 330 4384 ¹.)
348 4315 489 4371 armisona
507 4315 757 4382 liechtsgesobietrte
776 4312 797 4371 l.
815 4328 840 4378 n.
858 4315 922 4366 586.
940 4325 965 4364 n.
987 4313 1032 4367 ts.
