3172 5014
671 549 712 562 ...
758 487 878 578 ιγ’..

18 694 24 701 ’
155 692 163 708 ’
228 699 433 766 Plutarchum
458 713 588 763 errasse
608 708 642 761 et
661 708 754 764 extra
772 698 914 762 'ordinem
938 707 1058 763 tantum
1081 715 1101 762 a
1122 708 1239 765 scnslu
1262 704 1330 767 lar-

223 808 377 888 gitionem
398 807 532 886 aliquem
563 806 710 890 frumenti
732 807 833 868 semel
859 803 979 869 laetam
1002 823 1076 868 esse
1097 807 1330 871 Mommsenius

225 913 390 980 ¹contendit
404 913 443 990 ¹).
486 914 637 975 Attamen
659 911 771 975 nescio
784 931 824 974 ao
836 912 978 975 hauserit
991 932 1009 974 e
1023 913 1113 976 lente
1129 926 1330 998 neququam

119 1068 124 1081 .
229 1021 272 1085 ite
296 1019 476 1102 spernenda
498 1021 708 1100 Plutarchus,
739 1021 856 1101 quippe
877 1021 930 1103 qui
953 1029 1105 1086 accurate
1128 1024 1247 1086 referat
1269 1041 1330 1084 an·

200 1164 203 1169 -
229 1145 312 1190 uuas
327 1128 488 1209 impensas
501 1128 564 1190 boc
578 1129 859 1192 senatusconsulto
871 1137 968 1193 ortas.
1001 1132 1114 1212 ltaque
1126 1151 1167 1192 ne
1178 1130 1328 1195 Walters

229 1234 353 1314 quidem
375 1235 533 1299 assentire
553 1243 694 1315 possum,
718 1234 773 1317 qui
795 1235 984 1317 abrogatum
1007 1236 1172 1299 scatens
1193 1236 1331 1318 pretium

229 1360 380 1405 senorum
408 1350 443 1404 et
470 1341 628 1406 trientium
657 1341 825 1422 gratisque
853 1340 962 1404 datum
991 1359 1067 1406 esse
1095 1351 1184 1423 putat
1212 1345 1332 1425 populo

229 1449 472 1520 frumentuw).
524 1450 609 1512 Nam
633 1457 665 1511 et
686 1447 768 1512 baec
790 1448 895 1529 opinio
917 1449 1043 1512 minime
1064 1467 1137 1514 cum
1158 1451 1332 1517 Plutarcho

231 1557 397 1635 convenit,
426 1565 524 1637 atque
551 1553 695 1634 accedit,
724 1553 808 1636 quod
837 1554 956 1619 Cicero
983 1556 1014 1617 iu
1041 1557 1146 1638 legem
1170 1557 1331 1636 Clodiam,
1367 1626 1370 1638 ,

233 1683 315 1745 quae
338 1685 378 1726 ex
402 1665 542 1728 Walteri
563 1664 722 1726 sententia
744 1663 817 1724 nihil
832 1681 851 1724 a
867 1666 1149 1726 senatusconsulto
1177 1663 1333 1728 Catonico

231 1773 414 1852 differebat,
439 1783 587 1857 tanquam
609 1775 643 1834 in
667 1772 861 1852 reipublicae
883 1773 1184 1853 perniciosissimam
1206 1774 1335 1838 invehi-

232 1889 301 1960 tur,
322 1880 407 1962 quod
430 1883 486 1942 vix
510 1900 582 1942 eum
605 1879 724 1942 iecisse
746 1891 833 1962 puto,
857 1879 886 1942 ei
905 1880 987 1942 idem
1010 1883 1094 1961 quod
1109 1900 1129 1944 a
1142 1881 1257 1944 Clodio
1272 1883 1333 1944 iem

232 1990 345 2068 paucis
368 1989 459 2050 neruis
480 1996 554 2049 arne
576 1987 616 2049 ab
637 1990 709 2068 ipso
733 1995 848 2049 serrato
871 1987 989 2051 lactum
1008 1998 1106 2051 esset.
1119 2021 1161 2032 -
1175 1987 1335 2066 Quantum

233 2115 297 2177 ego
326 2097 471 2177 opinione
498 2112 658 2176 eugnror,
688 2111 760 2155 nam
791 2093 842 2156 bie
864 2092 904 2156 ad
927 2093 1144 2158 certitudinem
1167 2097 1336 2176 pervenire

237 2207 296 2264 vix
319 2221 501 2284 possumus,
525 2202 599 2264 nihil
622 2200 707 2264 aliud
731 2218 750 2262 a
772 2208 887 2262 senatu
910 2199 1074 2264 decretum
1097 2211 1160 2282 est,
1185 2220 1279 2283 quam
1302 2211 1337 2265 ιιι

233 2309 456 2390 supplerentur
477 2308 605 2370 tabulae
627 2307 809 2384 censoriae,
831 2307 944 2387 quibus
971 2308 1001 2368 in
1024 2306 1244 2370 distribuendo
1266 2307 1337 2371 frn-

234 2428 341 2478 mento
371 2415 491 2477 aediles
521 2414 569 2475 usi
597 2431 674 2474 esse
704 2411 852 2474 videntur
873 2414 1071 2485 (Mommsen
1094 2434 1124 2495 p.
1148 2415 1217 2476 184.
1242 2417 1338 2489 188).

236 2521 316 2585 Com
346 2524 427 2586 enim
456 2530 531 2604 post
558 2541 674 2584 anirum
699 2520 763 2583 884
786 2540 817 2584 ιι
848 2537 967 2586 censue
997 2541 1058 2584 oon
1080 2531 1172 2586 esset
1195 2521 1336 2605 habitus,

236 2650 298 2692 neu
326 2638 496 2712 potuerunt
525 2632 556 2693 in
583 2630 631 2692 bis
656 2628 772 2691 tabulis
804 2646 887 2690 anuo
914 2627 986 2689 692.
1018 2630 1186 2692 multarum
1218 2609 1338 2692 ciuium

236 2742 365 2801 nomina
387 2757 448 2800 nou
469 2737 651 2800 desiderari.
704 2737 828 2800 Omnes
851 2743 957 2798 autem
981 2736 1071 2798 cives
1093 2734 1134 2798 ad
1155 2735 1339 2818 largitiones

236 2844 380 2925 publices
407 2843 530 2906 admitti
560 2853 592 2906 et
620 2844 760 2906 fortasse
782 2845 876 2904 etiarn
902 2842 931 2904 iu
956 2849 1078 2904 certum
1101 2843 1207 2906 album
1230 2863 1339 2907 corum

235 2954 362 3014 uomina
386 2951 497 3014 referri
524 2959 656 3015 senatus
684 2951 817 3015 eorrsilio
840 2949 975 3012 Catonis
1001 2949 1137 3012 iussisse
1160 2950 1338 3033 videtur2),

235 3059 319 3143 quod
337 3057 530 3121 Plutarchus
546 3059 653 3120 verbis
674 3045 850 3136 οἷναλαβεῖν
871 3042 929 3116 τόν
950 3044 1077 3142 ἄπορον
1097 3053 1152 3118 καὶ
1174 3046 1335 3143 ἀνέμητον

236 3157 332 3246 ὄχλον
361 3156 395 3240 ἐς
423 3155 462 3226 τό
491 3159 673 3247 σιτηρέσιον
704 3181 812 3243 parom
850 3171 1002 3225 accurate
1031 3162 1157 3243 quidem
1187 3164 1247 3229 sed
1276 3185 1341 3229 nnn

237 3265 324 3338 omni
346 3293 388 3335 ex
410 3282 500 3353 parte
522 3271 603 3332 falso
623 3268 832 3350 significavit.
877 3264 1027 3330 Ceterum
1049 3285 1089 3331 eo
1111 3277 1234 3332 tantum
1257 3287 1339 3334 con-

237 3383 309 3445 silio
337 3381 433 3444 buius
461 3389 595 3441 senatus
625 3375 765 3439 consulti
792 3382 956 3438 auctorem
979 3375 1146 3440 exstitisse
1168 3377 1338 3462 Catonem,

238 3494 279 3557 ab
301 3493 413 3556 eodem
437 3491 593 3573 scriptore
615 3487 848 3566 comperimus,
880 3495 915 3547 nt
936 3485 1041 3566 plebis
1062 3488 1186 3549 animos
1206 3507 1227 3552 ιι
1248 3488 1339 3552 Cae·

238 3623 312 3674 sare
334 3605 495 3681 alienaret,
517 3599 568 3681 qui
591 3597 641 3659 illo
667 3600 739 3678 ipso
763 3606 906 3677 tempore
927 3605 1055 3677 praetor
1074 3615 1225 3682 magnum
1241 3601 1339 3664 lituo·

239 3731 304 3776 rem
325 3717 359 3773 et
379 3719 497 3772 metum
521 3703 724 3786 optimatibus
746 3702 931 3766 incutiebat.

320 3819 393 3882 Nec
414 3826 520 3880 tamen
542 3813 593 3876 din
615 3819 751 3874 senatus
768 3811 830 3874 hac
853 3813 1088 3892 opportunitate
1106 3808 1280 3892 fruebatur,
1304 3823 1339 3877 ut

237 3913 310 4010 lpse
330 3925 392 3988 sibi
414 3921 710 3987 frumentationibus
726 3919 850 3999 plebem
869 3918 1020 3980 urbanam
1038 3918 1229 3982 coneiliaret.
1251 3919 1337 3983 Nam

257 4131 323 4192 111.
341 4130 361 4180 l.
380 4144 406 4192 p.
425 4128 485 4182 182.
502 4140 531 4179 u.
549 4127 588 4181 17.

255 4215 286 4272 2)
304 4213 336 4265 R.
354 4211 547 4276 liechtsgesclr.
566 4208 586 4259 l.
604 4223 631 4274 p.
648 4209 708 4260 357.

255 4295 376 4356 n)1len
400 4296 466 4346 teett
490 4300 586 4357 postea
609 4294 764 4359 nonestus,
789 4306 849 4345 curn
875 4297 1075 4357 praetectmam
1098 4308 1223 4350 annonae
1245 4297 1339 4350 iniret.

305 4379 341 4428 er.
358 4377 411 4429 Dte
429 4379 460 4430 c.
477 4377 519 4430 39.
536 4373 589 4443 ab,
606 4379 755 4432 llonnsen
773 4391 799 4442 p.
818 4377 874 4434 183.
895 4372 950 4432 ret
