3172 5014
277 661 412 734 (Annei.
428 657 505 744 XV,
519 659 597 735 39).
626 661 720 739 Quae
741 668 847 726 antem
871 669 906 724 ut
925 678 1016 725 suam
1036 663 1223 727 sententiam
1235 663 1383 744 probaret

278 771 395 850 attulit,
408 789 447 832 ea
469 769 562 832 facile
585 771 645 832 alio
667 769 762 834 modo
779 771 996 864 explicantur,
1019 770 1189 834 dummodo
1204 783 1381 851 teneamus,

282 870 364 959 quae
388 898 408 940 a
430 870 558 954 Kubnio
588 870 805 944 demonstrata
833 899 909 942 esse
936 882 968 944 iu
990 885 1213 962 priorocapite
1233 879 1382 958 vidimuS,

279 1004 416 1068 magnas
438 987 549 1048 tritici
562 990 673 1066 copias
694 987 805 1050 etiarn
820 995 946 1067 praetor
969 997 1161 1050 menstruam
1181 987 1380 1070 largitionem

278 1093 427 1156 frumeuti
449 1095 539 1156 vario
574 1094 633 1157 sed
663 1095 788 1158 modico
818 1114 945 1170 semper
974 1098 1074 1176 pretio
1106 1097 1136 1160 io
1160 1095 1238 1158 urbe
1258 1083 1390 1175 publicevv

278 1200 427 1264 venditas
461 1219 549 1264 osse.
603 1201 696 1279 Quae
725 1202 923 1265 consuetudo
959 1202 1044 1266 baud
1075 1201 1169 1264 dubio
1197 1202 1292 1264 etiam
1322 1200 1381 1262 sub

279 1309 524 1388 imperatoribus
550 1307 749 1389 perduravit,
772 1327 810 1370 ac
834 1307 873 1370 dc
893 1327 931 1371 ea
954 1318 1040 1370 recte
1055 1309 1134 1372 mibi
1155 1309 1302 1370 Kubnius
1321 1326 1382 1371 ac-

277 1416 410 1495 cepisse
432 1414 557 1478 videtur
578 1405 717 1495 cum'id,
747 1405 831 1497 quod
852 1433 948 1496 supra
972 1435 990 1475 e
1012 1415 1125 1476 Tacito
1147 1433 1382 1482 commemora-

276 1524 393 1600 vimus,
416 1523 549 1603 pretium
571 1522 722 1586 frumenti
745 1539 764 1584 a
787 1523 917 1584 Nerone
939 1529 1114 1600 statutum,
1144 1529 1211 1585 tum
1235 1523 1383 1586 Suetonii

277 1631 390 1708 verba,
415 1632 597 1708 Augustum
621 1631 650 1690 in
672 1649 815 1692 annonae
836 1630 1075 1694 difficultatibus
1097 1649 1195 1712 saepe
1217 1631 1383 1694 levissimo

276 1735 435 1799 interdum
464 1736 547 1798 nullo
583 1736 684 1815 pretio
716 1737 909 1800 frumentum
941 1738 1056 1800 viritim
1087 1735 1273 1804 admensum
1308 1757 1383 1800 esse

278 1839 513 1925 (0⁰1³r’·4¹·)·
556 1841 672 1922 Neque
694 1841 767 1904 illud
791 1841 954 1904 offendere
978 1832 1103 1922 potest,
1118 1841 1203 1923 quod
1226 1843 1380 1909 modicam

277 1969 437 2014 annonam
466 1950 558 2030 plebs
588 1967 689 2030 saepo
719 1949 886 2031 flagitasse
915 1959 1081 2026 narratur,
1114 1969 1183 2018 cum
1210 1952 1381 2032 gratuitam

279 2059 479 2139 largitionem
512 2059 583 2120 eius
613 2059 713 2120 victui
743 2057 1147 2139 nequaquam-suffecisse
1168 2058 1261 2120 modo
1284 2058 1382 2122 vide-

277 2166 385 2229 rimus.
456 2247 457 2254 ἵ
812 2181 813 2184 ’
863 2181 874 2188 ’·

358 2271 452 2350 Quod
469 2271 547 2336 inter
560 2271 711 2334 Caesaris
724 2271 868 2334 instituta
881 2275 1009 2334 maximi
1021 2272 1080 2334 fuit
1096 2273 1257 2352 momenti,
1267 2283 1377 2337 certus

274 2380 314 2442 ab
339 2379 392 2440 illo
421 2380 615 2442 constitutus
639 2378 829 2443 frumentum
853 2380 1074 2458 accipientium
1098 2397 1261 2456 numerus,
1292 2379 1377 2442 baud

170 2517 174 2524 ·
275 2486 327 2548 diu
351 2486 558 2548 observatum
590 2495 650 2552 est.
694 2475 803 2547 Pa'ullo
831 2495 904 2565 post
926 2487 995 2546 eius
1023 2494 1157 2560 mortem
1176 2485 1380 2569 {congiarium

189 2641 191 2645 .
275 2593 316 2656 ab
337 2594 487 2672 Augusto
510 2591 626 2663 datum⁴
647 2593 794 2672 pervenit
822 2592 862 2654 ad
886 2591 1022 2653 ducenta
1053 2593 1283 2674 quinquaginta
1308 2594 1381 2656 mil-

275 2700 352 2760 lium
376 2699 535 2760 homiuum
556 2717 703 2780 annoque
724 2697 798 2776 749.
811 2699 900 2779 plebs
914 2699 1030 2759 urbana
1054 2717 1154 2780 osque
1177 2699 1216 2759 ad
1240 2707 1383 2764 trecenta

276 2807 388 2886 viginti
419 2807 515 2868 millia
542 2816 689 2868 creverat
699 2808 735 2878 ¹).
787 2806 882 2883 Quod
908 2807 1140 2868 incrementum
1164 2823 1244 2869 :oum
1272 2807 1381 2886 pueris

277 2915 317 2978 ab
340 2915 494 2992 Augusto
518 2913 559 2972 ad
578 2913 776 2993 largitionem
800 2911 969 2986 admisse,
993 2922 1057 2975 tom
1078 2931 1244 2974 servorum
1267 2932 1382 2975 mauu-

276 3025 486 3090 missiouibus
509 3030 541 3084 et
564 3024 681 3085 civium
704 3021 1021 3084 confluxu-exortum
1045 3039 1120 3083 esse
1142 3020 1283 3102 videtur,
1299 3041 1381 3104 quos

275 3147 387 3194 omnes
412 3147 527 3210 magua
549 3127 738 3189 liberalitate
761 3145 839 3188 usus
862 3127 1029 3208 Augustus
1052 3143 1071 3185 a
1093 3125 1225 3205 publicis
1239 3124 1382 3208 largitio-

275 3240 368 3302 nibus
400 3256 460 3298 noo
491 3235 638 3308 exclusit.
665 3235 774 3308 [Dion.
805 3235 905 3308 Helio.
928 3233 986 3294 lV.
1014 3232 1064 3292 2l.
1086 3233 1209 3295 Sueten
1233 3233 1307 3297 Oct.
1332 3235 1382 3296 42.

276 3346 371 3409 Philo
394 3345 492 3424 legat.
513 3341 554 3402 ad
571 3339 666 3402 Caes.
690 3338 739 3400 ed.
764 3339 894 3402 Fraokf.
916 3357 947 3417 p.
963 3337 1082 3409 loia).
1124 3339 1302 3402 Postremis
1319 3361 1382 3402 au-

271 3459 336 3512 tem
367 3448 456 3508 vitae
482 3463 562 3506 suae
590 3444 680 3504 annis
702 3461 831 3524 prorsus
864 3429 1017 3504 Caesaris
1036 3443 1098 3504 bac
1119 3442 1159 3504 de
1181 3464 1215 3505 re
1237 3446 1380 3509 instituta
1419 3487 1421 3491 -

273 3571 453 3620 revocasse
478 3537 605 3614 videtur
626 3569 665 3612 ac
686 3559 854 3630 postquam
877 3567 1010 3626 recensu
1032 3549 1139 3612 habito
1153 3550 1259 3621 (Suet.
1273 3552 1380 3631 eal.)

275 3680 444 3742 numerum
467 3659 567 3738 plebis
590 3659 729 3720 urbanae
752 3657 915 3738 usquead
938 3656 1076 3720 ducenta
1100 3658 1194 3720 millia
1211 3659 1378 3738 minuerat,

276 3768 396 3833 eodem
419 3765 513 3828 modo
534 3784 596 3848 quo
617 3764 741 3829 Caesar
763 3767 910 3826 vetuisse
932 3765 1073 3846 videtur,
1104 3783 1144 3826 ne
1166 3765 1194 3824 is
1216 3764 1246 3824 in
1268 3776 1382 3844 poste-

277 3898 344 3940 rum
370 3873 586 3938 excederetur.
632 3871 820 3948 Quodmihi
842 3862 935 3951 sequi
955 3870 1082 3931 videtur
1103 3888 1122 3930 e
1144 3869 1255 3930 Dionis
1273 3873 1382 3933 verbis

271 3987 290 4048 l.
314 3984 398 4062 LV,
432 3983 485 4048 10.
506 3985 604 4058 ianoe
632 3980 721 4053 752.)
751 3964 887 4040 andaoni
908 3963 1013 4060 δήμου
1033 3971 1093 4037 τοῦ
1114 3971 1383 4056 otrodoeoupe'aoc

272 4085 412 4174 πλῆθος
432 4075 585 4182 oidptouor
606 4075 643 4148 ὄν
664 4075 698 4158 ἐς
720 4081 824 4147 εἴκοσι
842 4071 1006 4168 μυριάδας
1027 4076 1244 4145 rosinbardan
1289 4085 1381 4163 Quae

276 4205 540 4221 ——n-—a-

291 4260 322 4325 l)
340 4263 541 4314 Monumentum
559 4263 736 4325 ancyrarum
760 4264 816 4326 tab,
841 4261 888 4312 111.
906 4274 923 4312 a
939 4261 1022 4318 laeva
1039 4263 1066 4310 et
1083 4261 1115 4310 de
1134 4271 1174 4310 eo·
1185 4260 1336 4320 Mommsen
1358 4255 1378 4306 l.

341 4353 361 4403 l.
380 4367 405 4416 p.
428 4353 490 4415 190,
509 4353 572 4404 191.
