3172 5014
658 487 865 556 -rbv

206 675 427 760 largitionibas
459 675 649 755 transiisse,
683 690 755 735 cunr
788 679 883 735 antea
917 669 1039 734 nonnisi
1070 670 1111 733 ab
1143 669 1309 734 undecimo

160 799 165 804 ·
207 785 323 847 aetatis
334 803 418 846 anno
429 785 577 863 accipere
587 790 810 856 consuessent,
821 780 861 842 do
873 780 998 861 pupillis
1010 778 1130 841 tanturn
1144 783 1309 862 acceperit.

271 893 321 953 De
345 893 417 953 aliis
440 891 595 955 Caesaris
618 890 680 952 lrao
701 889 742 952 do
763 908 798 950 ro
820 888 970 950 institutis
994 887 1068 949 nibil
1092 888 1184 949 nobis
1208 888 1310 949 tradi·

211 1009 275 1062 rum
298 1007 368 1076 est,
399 1000 460 1061 nisi
487 997 572 1081 quod
603 1016 686 1060 anuo
713 997 786 1061 710.
808 1013 917 1060 curarn
941 1014 1087 1057 annonae
1108 1014 1192 1057 novo
1212 994 1312 1059 tradi-

207 1105 297 1168 disse
327 1114 472 1168 narratur
494 1106 713 1188 magistratui,
740 1105 897 1168 anubibus
919 1104 1047 1167 seilicet
1070 1105 1247 1168 cerealibus
1268 1103 1309 1166 ab

153 1279 157 1284 ,
206 1215 278 1296 ipso
299 1213 453 1275 institutis
470 1217 494 1285 Ι)
521 1213 735 1292 (Pomponlus
761 1212 802 1274 (le
824 1212 903 1294 orig.
934 1211 1010 1274 iuris
1034 1217 1063 1284 ς.
1091 1209 1142 1273 32.
1175 1211 1310 1293 [Digl'.

207 1327 231 1392 l.
254 1333 276 1387 t.
295 1325 343 1395 2.)
368 1326 428 1387 llio
451 1325 548 1388 Cass.
569 1324 694 1406 ΧΙιΙΙΙ,
717 1323 797 1395 51.).

290 1431 441 1493 Attarnen
464 1428 693 1492 blommsenius
716 1428 861 1510 opinatur
890 1445 909 1489 a
932 1427 1078 1491 Caesare
1098 1425 1203 1510 legem
1228 1425 1310 1489 cro-

205 1538 289 1602 ‹llam
312 1541 498 1618 abrogatam
519 1555 596 1599 esse
617 1544 650 1599 et
670 1534 742 1598 inde
766 1535 805 1598 ab
827 1535 890 1597 lroo
907 1543 1052 1616 tempore
1064 1535 1148 1617 plebi
1161 1535 1307 1602 frumen·

206 1659 271 1710 tum
302 1665 363 1707 uon
392 1645 527 1727 amplius
556 1643 658 1727 gratis
679 1641 799 1720 datum,
823 1640 881 1704 sed
912 1642 1038 1704 modico
1060 1652 1187 1724 sempor
1207 1642 1310 1724 pretio

208 1751 374 1814 venditum
398 1770 482 1816 osse.
503 1753 538 1814 ln
549 1753 680 1834 singulis
695 1760 802 1815 autern
819 1753 962 1818 tribubus
976 1763 1098 1817 eertum
1115 1762 1311 1818 tesserarum

211 1878 374 1922 numerum
396 1860 489 1922 simul
508 1879 579 1924 cum
600 1861 714 1941 pretio,
730 1860 813 1941 quod
836 1861 961 1941 publico
982 1863 1140 1925 frumento
1157 1872 1312 1926 statutum

207 1975 310 2050 esset,
334 1951 523 2050 pauperibus
545 1967 670 2029 civibus
691 1985 766 2029 esse
785 1967 985 2033 distributum
998 1978 1098 2051 putat.
1140 1969 1208 2035 Sed
1219 1970 1311 2033 doleo

117 2102 124 2108 ·
209 2095 250 2139 ne
270 2075 332 2139 hac
353 2075 479 2157 quidem
501 2075 531 2136 in
553 2093 589 2136 re
617 2093 668 2138 roe
701 2091 774 2137 oum
796 2076 865 2138 viro
896 2078 1169 2157 praestantissimo
1200 2079 1311 2142 locere

208 2202 315 2265 posse.
359 2183 465 2246 Primo
487 2186 570 2245 eninr
596 2184 625 2244 in
648 2183 696 2246 his
719 2183 853 2248 offendit
872 2205 1027 2268 nusquam
1044 2189 1230 2268 pauperum,
1254 2192 1311 2270 qui
1428 2184 1432 2188 ’

208 2294 271 2358 soll
291 2297 466 2377 gratuitum
488 2309 645 2372 accepere
666 2290 867 2375 frumentum,
890 2295 1089 2357 aveteribua
1103 2297 1312 2377 scriptoribus

208 2402 398 2464 mentionem
413 2401 539 2484 ¹tractam
560 2419 652 2476 esso,
688 2416 763 2461 oum
786 2410 899 2494 contro
921 2399 962 2464 de
992 2402 1085 2483 plebe
1105 2403 1309 2467 frumentaria

208 2498 245 2584 (ὁ
265 2498 361 2588 ὄχλος
381 2497 669 2588 σιτοόοτούμενος)
689 2511 880 2591 saepissime
903 2513 1087 2594 loquantur,
1120 2533 1309 2596 qrramqnarn
1409 2499 1411 2502 ¹

207 2618 287 2681 baec
306 2637 363 2698 pro
385 2620 586 2680 Mommsenli
618 2619 762 2699 opinione
793 2638 983 2700 perparvam
1013 2630 1134 2682 tantum
1162 2620 1307 2683 fromen-

208 2725 379 2802 tationem,
412 2741 495 2805 quaa
517 2724 643 2807 largitio
671 2724 728 2786 vix
750 2721 811 2786 dioi
831 2733 949 2806 potest,
971 2727 1159 2808 accipiebat.
1203 2727 1309 2805 Quam

212 2832 349 2912 exiguus
371 2833 454 2891 enirn
478 2828 626 2890 l'runronti
651 2828 764 2892 modus
786 2829 900 2910 cuique
920 2831 983 2892 civi
1013 2830 1106 2893 datus
1127 2835 1188 2912 sit,
1226 2832 1301 2895 inde

209 2939 427 3019 cognoscitur,
455 2935 541 3018 quod
564 2938 733 3019 Augustus
756 2957 872 3021 magna
895 2939 1050 3020 qnondam
1074 2940 1103 3001 in
1126 2939 1210 3000 ierne
1234 2961 1306 3002 eum

196 3045 435 3126 rdrrpplioaase,
471 3043 606 3124 inopiam
634 3052 740 3106 autern
771 3046 978 3125 plebisrrullo
1011 3046 1103 3108 modo
1127 3050 1310 3127 levasset),

210 3155 337 3236 alioque
362 3162 506 3231 ternpore
535 3151 588 3211 vel
616 3151 823 3232 quadruplum
854 3154 1054 3230 eiusmodi,
1093 3174 1186 3235 quem
1210 3159 1310 3239 volgo

209 3261 300 3343 plebs
330 3259 531 3340 accipiebat,
562 3259 764 3322 distribuisse
794 3268 938 3322 narratur
962 3263 1004 3328 ⁸).
1057 3263 1169 3344 ltaque
1198 3265 1308 3326 mirum

208 3378 297 3433 oerte
319 3368 419 3430 videri
439 3378 548 3449 potest
570 3387 625 3449 pro
650 3386 749 3449 parvo
771 3369 833 3430 hoo
857 3369 1005 3432 frumenti
1026 3389 1157 3432 numero
1181 3372 1312 3452 oplobe

207 3476 411 3540 frumentaria
434 3475 568 3555 pretium
591 3475 685 3535 etiarn
708 3475 846 3535 solutum
869 3491 957 3552 esse,
979 3474 1065 3554 quod
1088 3495 1149 3536 non
1173 3477 1304 3562 multum

208 3584 349 3648 distabat
370 3583 410 3645 ab
432 3602 484 3663 eo,
508 3601 570 3663 quo
589 3583 807 3663 nogotiatores
830 3581 1020 3644 vendebant.
1055 3583 1127 3644 lloo
1150 3585 1230 3645 enirn
1244 3584 1314 3664 ipse

208 3693 445 3756 Mommsenius
468 3689 539 3753 inde
561 3691 699 3774 collegit,
723 3689 807 3772 quod
829 3711 848 3754 a
870 3692 996 3752 Nerone
1014 3711 1112 3773 usqne
1135 3690 1175 3753 ad
1200 3701 1308 3754 ternos

208 3823 353 3870 nummos
388 3803 539 3865 minutum
572 3820 647 3864 osse
683 3801 831 3864 frumenti
868 3803 1001 3882 pretium
1034 3801 1166 3862 'l'aoitus
1201 3808 1310 3863 narrat

225 4001 259 4068 t)
276 4005 334 4053 hex
360 4002 430 4054 lulla
447 4005 478 4052 ‹lc
503 4013 613 4054 annona
637 4005 726 4052 utrum
757 4012 774 4048 e
803 3996 923 4050 Caesare
941 4008 975 4044 an
995 3995 1029 4044 ab
1048 3993 1173 4055 Augusto
1192 3987 1248 4038 iata
1270 3987 1316 4054 stt,

277 4093 383 4146 dublum
401 4099 452 4146 est.
473 4095 575 4146 Statuit
591 4108 623 4144 ea
639 4107 740 4160 granea
760 4095 861 4144 nrultaa
880 4091 905 4140 in
924 4103 986 4152 eoa,
1013 4087 1058 4150 qul
1073 4096 1206 4135 annonnnr
1224 4086 1316 4131 atten-

274 4193 364 4241 tarent
380 4195 408 4240 et
424 4196 558 4241 vexarent
575 4190 626 4241 cfr.
647 4188 713 4238 lleln
739 4183 946 4238 Criminalreebt
965 4183 990 4229 d.
1009 4179 1103 4228 itiner
1121 4190 1147 4239 p.
1165 4176 1230 4226 829.
1250 4173 1316 4222 830.

275 4279 439 4345 eundemque
453 4282 478 4331 in
497 4281 583 4342 Pnaly
601 4277 820 4342 ltealencylrlop.
840 4278 858 4325 l.
877 4273 926 4324 lv.
946 4285 970 4334 p.
989 4271 1054 4325 982.

227 4371 261 4431 2)
281 4373 329 4424 Dio
352 4370 463 4424 Cassius
483 4375 551 4437 bv,
568 4373 614 4420 eo.
757 4367 790 4432 3)
814 4367 873 4417 llio.
892 4366 923 4417 c.
943 4362 1012 4414 blll.
1029 4364 1057 4416 9.
