<?xml version="1.0" encoding="UTF-8"?>
<!DOCTYPE html PUBLIC "-//W3C//DTD XHTML 1.0 Transitional//EN"
    "http://www.w3.org/TR/xhtml1/DTD/xhtml1-transitional.dtd">
<html xmlns="http://www.w3.org/1999/xhtml" xml:lang="en" lang="en">
 <head>
  <title>
</title>
<meta http-equiv="Content-Type" content="text/html;charset=utf-8" />
  <meta name='ocr-system' content='tesseract 3.04.00' />
  <meta name='ocr-capabilities' content='ocr_page ocr_carea ocr_par ocr_line ocrx_word'/>
</head>
<body>
  <div class='ocr_page' id='page_1' title='image "./meletematadepub00nassgoog_0021.png"; bbox 0 0 3172 5014; ppageno 0'>
   <div class='ocr_carea' id='block_1_1' title="bbox 215 659 1326 3410">
    <p class='ocr_par' dir='ltr' id='par_1_1' title="bbox 218 659 1326 2248">
     <span class='ocr_line' id='line_1_1' title="bbox 225 659 1326 751; baseline 0.001 -20"><span class='ocrx_word' id='word_1_1' title='bbox 225 671 384 744; x_wconf 54' lang='lat' dir='ltr'><strong>mention</strong></span> <span class='ocrx_word' id='word_1_2' title='bbox 417 667 554 751; x_wconf 83' lang='lat' dir='ltr'><strong>probant</strong></span> <span class='ocrx_word' id='word_1_3' title='bbox 586 685 689 750; x_wconf 84' lang='lat' dir='ltr'><strong>neque</strong></span> <span class='ocrx_word' id='word_1_4' title='bbox 716 667 821 749; x_wconf 79' lang='lat' dir='ltr'><strong>Pighii</strong></span> <span class='ocrx_word' id='word_1_5' title='bbox 842 667 1029 732; x_wconf 88' lang='lat' dir='ltr'><strong>oonieetura</strong></span> <span class='ocrx_word' id='word_1_6' title='bbox 1049 667 1114 732; x_wconf 90' lang='lat' dir='ltr'><strong>olio</strong></span> <span class='ocrx_word' id='word_1_7' title='bbox 1134 666 1229 731; x_wconf 81' lang='lat' dir='ltr'><strong>morlo</strong></span> <span class='ocrx_word' id='word_1_8' title='bbox 1249 659 1326 732; x_wconf 86' lang='lat' dir='ltr'><strong>lerri</strong></span> 
     </span>
     <span class='ocr_line' id='line_1_2' title="bbox 225 773 1324 864; baseline -0.001 -27"><span class='ocrx_word' id='word_1_9' title='bbox 225 785 352 857; x_wconf 78' lang='lat' dir='ltr'><strong>potest,</strong></span> <span class='ocrx_word' id='word_1_10' title='bbox 389 793 462 837; x_wconf 88' lang='lat' dir='ltr'><strong>eum</strong></span> <span class='ocrx_word' id='word_1_11' title='bbox 492 795 513 836; x_wconf 91' lang='lat' dir='ltr'><strong>e</strong></span> <span class='ocrx_word' id='word_1_12' title='bbox 539 773 709 836; x_wconf 81' lang='lat' dir='ltr'><strong>Cioeronie</strong></span> <span class='ocrx_word' id='word_1_13' title='bbox 737 776 836 838; x_wconf 84' lang='lat' dir='ltr'><strong>Bruto</strong></span> <span class='ocrx_word' id='word_1_14' title='bbox 876 779 926 850; x_wconf 83' lang='lat' dir='ltr'><strong>(e.</strong></span> <span class='ocrx_word' id='word_1_15' title='bbox 951 774 1023 864; x_wconf 72' lang='grc'><strong>69.)</strong></span> <span class='ocrx_word' id='word_1_16' title='bbox 1055 783 1211 855; x_wconf 87' lang='lat' dir='ltr'><strong>appareat</strong></span> <span class='ocrx_word' id='word_1_17' title='bbox 1238 776 1324 858; x_wconf 78' lang='lat' dir='ltr'><strong>legis</strong></span> 
     </span>
     <span class='ocr_line' id='line_1_3' title="bbox 224 879 1324 962; baseline 0.002 -18"><span class='ocrx_word' id='word_1_18' title='bbox 224 893 388 944; x_wconf 74' lang='lat' dir='ltr'><strong>normam</strong></span> <span class='ocrx_word' id='word_1_19' title='bbox 410 881 576 962; x_wconf 78' lang='lat' dir='ltr'><strong>aequalem</strong></span> <span class='ocrx_word' id='word_1_20' title='bbox 607 879 677 942; x_wconf 84' lang='lat' dir='ltr'><strong>lere</strong></span> <span class='ocrx_word' id='word_1_21' title='bbox 697 879 799 941; x_wconf 78' lang='lat' dir='ltr'><strong>inisse</strong></span> <span class='ocrx_word' id='word_1_22' title='bbox 819 880 857 942; x_wconf 84' lang='grc' dir='ltr'><strong>Ρ.</strong></span> <span class='ocrx_word' id='word_1_23' title='bbox 878 880 1024 962; x_wconf 86' lang='lat' dir='ltr'><strong>Sulpieio</strong></span> <span class='ocrx_word' id='word_1_24' title='bbox 1046 881 1169 943; x_wconf 83' lang='lat' dir='ltr'><strong>tribuno</strong></span> <span class='ocrx_word' id='word_1_25' title='bbox 1191 881 1273 961; x_wconf 79' lang='lat' dir='ltr'><strong>plebi</strong></span> <span class='ocrx_word' id='word_1_26' title='bbox 1292 899 1324 946; x_wconf 85' lang='lat' dir='ltr'><strong>a.</strong></span> 
     </span>
     <span class='ocr_line' id='line_1_4' title="bbox 222 984 1323 1070; baseline -0.002 -16"><span class='ocrx_word' id='word_1_27' title='bbox 222 993 299 1054; x_wconf 89' lang='grc'><strong>666.</strong></span> <span class='ocrx_word' id='word_1_28' title='bbox 321 987 536 1052; x_wconf 72' lang='lat' dir='ltr'>Mommsenio</span> <span class='ocrx_word' id='word_1_29' title='bbox 557 995 664 1049; x_wconf 83' lang='lat' dir='ltr'><strong>autem</strong></span> <span class='ocrx_word' id='word_1_30' title='bbox 684 984 756 1046; x_wconf 85' lang='lat' dir='ltr'><strong>ideo</strong></span> <span class='ocrx_word' id='word_1_31' title='bbox 768 987 957 1066; x_wconf 80' lang='lat' dir='ltr'><strong>praesertim</strong></span> <span class='ocrx_word' id='word_1_32' title='bbox 967 988 1121 1064; x_wconf 69' lang='lat' dir='ltr'><strong>meantia,</strong></span> <span class='ocrx_word' id='word_1_33' title='bbox 1142 988 1216 1070; x_wconf 83' lang='lat' dir='ltr'><strong>qaia</strong></span> <span class='ocrx_word' id='word_1_34' title='bbox 1235 987 1323 1069; x_wconf 82' lang='lat' dir='ltr'><strong>qnod</strong></span> 
     </span>
     <span class='ocr_line' id='line_1_5' title="bbox 224 1091 1325 1177; baseline 0.004 -21"><span class='ocrx_word' id='word_1_35' title='bbox 224 1091 343 1158; x_wconf 83' lang='lat' dir='ltr'><strong>Cioero</strong></span> <span class='ocrx_word' id='word_1_36' title='bbox 372 1095 413 1158; x_wconf 87' lang='lat' dir='ltr'><strong>de</strong></span> <span class='ocrx_word' id='word_1_37' title='bbox 442 1094 602 1158; x_wconf 79' lang='lat' dir='ltr'><strong>exhausto</strong></span> <span class='ocrx_word' id='word_1_38' title='bbox 635 1093 760 1156; x_wconf 86' lang='lat' dir='ltr'><strong>aerario</strong></span> <span class='ocrx_word' id='word_1_39' title='bbox 788 1103 941 1175; x_wconf 86' lang='lat' dir='ltr'><strong>tanquam</strong></span> <span class='ocrx_word' id='word_1_40' title='bbox 963 1094 1004 1157; x_wconf 85' lang='lat' dir='ltr'><strong>de</strong></span> <span class='ocrx_word' id='word_1_41' title='bbox 1025 1113 1125 1158; x_wconf 81' lang='lat' dir='ltr'><strong>causa</strong></span> <span class='ocrx_word' id='word_1_42' title='bbox 1148 1095 1325 1177; x_wconf 71' lang='lat' dir='ltr'><strong>abrogatae</strong></span> 
     </span>
     <span class='ocr_line' id='line_1_6' title="bbox 223 1202 1324 1284; baseline 0.002 -20"><span class='ocrx_word' id='word_1_43' title='bbox 223 1203 309 1284; x_wconf 82' lang='lat' dir='ltr'><strong>logia</strong></span> <span class='ocrx_word' id='word_1_44' title='bbox 334 1205 545 1284; x_wconf 68' lang='lat' dir='ltr'><strong>Semproniae</strong></span> <span class='ocrx_word' id='word_1_45' title='bbox 572 1202 711 1281; x_wconf 68' lang='lat' dir='ltr'><strong>dietat),</strong></span> <span class='ocrx_word' id='word_1_46' title='bbox 743 1203 865 1284; x_wconf 86' lang='lat' dir='ltr'><strong>optime</strong></span> <span class='ocrx_word' id='word_1_47' title='bbox 894 1202 935 1265; x_wconf 87' lang='lat' dir='ltr'><strong>ad</strong></span> <span class='ocrx_word' id='word_1_48' title='bbox 964 1203 1037 1266; x_wconf 83' lang='lat' dir='ltr'><strong>belli</strong></span> <span class='ocrx_word' id='word_1_49' title='bbox 1058 1203 1158 1266; x_wconf 87' lang='lat' dir='ltr'><strong>ltalioi</strong></span> <span class='ocrx_word' id='word_1_50' title='bbox 1180 1211 1324 1283; x_wconf 82' lang='lat' dir='ltr'><strong>tempora</strong></span> 
     </span>
     <span class='ocr_line' id='line_1_7' title="bbox 222 1308 1321 1392; baseline 0 -20"><span class='ocrx_word' id='word_1_51' title='bbox 222 1311 385 1390; x_wconf 75' lang='lat' dir='ltr'><strong>mevenit,</strong></span> <span class='ocrx_word' id='word_1_52' title='bbox 407 1311 439 1372; x_wconf 90' lang='lat' dir='ltr'><strong>in</strong></span> <span class='ocrx_word' id='word_1_53' title='bbox 460 1329 524 1392; x_wconf 84' lang='lat' dir='ltr'><strong>qun</strong></span> <span class='ocrx_word' id='word_1_54' title='bbox 545 1329 694 1392; x_wconf 85' lang='lat' dir='ltr'><strong>magnam</strong></span> <span class='ocrx_word' id='word_1_55' title='bbox 716 1311 819 1372; x_wconf 75' lang='lat' dir='ltr'><strong>luisse</strong></span> <span class='ocrx_word' id='word_1_56' title='bbox 840 1309 953 1372; x_wconf 87' lang='lat' dir='ltr'><strong>aerarii</strong></span> <span class='ocrx_word' id='word_1_57' title='bbox 969 1310 1155 1372; x_wconf 69' lang='lat' dir='ltr'><strong>tenuitatem</strong></span> <span class='ocrx_word' id='word_1_58' title='bbox 1173 1308 1321 1372; x_wconf 84' lang='lat' dir='ltr'><strong>traditura</strong></span> 
     </span>
     <span class='ocr_line' id='line_1_8' title="bbox 223 1415 1323 1498; baseline 0.002 -20"><span class='ocrx_word' id='word_1_59' title='bbox 223 1419 326 1491; x_wconf 64' lang='lat' dir='ltr'><strong>osv).</strong></span> <span class='ocrx_word' id='word_1_60' title='bbox 370 1417 434 1496; x_wconf 82' lang='lat' dir='ltr'><strong>Qui</strong></span> <span class='ocrx_word' id='word_1_61' title='bbox 460 1416 564 1498; x_wconf 85' lang='lat' dir='ltr'><strong>legem</strong></span> <span class='ocrx_word' id='word_1_62' title='bbox 594 1415 665 1478; x_wconf 89' lang='lat' dir='ltr'><strong>tulit</strong></span> <span class='ocrx_word' id='word_1_63' title='bbox 685 1417 733 1478; x_wconf 82' lang='lat' dir='ltr'><strong>lt.</strong></span> <span class='ocrx_word' id='word_1_64' title='bbox 763 1415 930 1491; x_wconf 83' lang='lat' dir='ltr'><strong>Oetavius,</strong></span> <span class='ocrx_word' id='word_1_65' title='bbox 953 1415 1012 1482; x_wconf 88' lang='lat' dir='ltr'><strong>Cn.</strong></span> <span class='ocrx_word' id='word_1_66' title='bbox 1036 1416 1087 1492; x_wconf 65' lang='lat' dir='ltr'><strong>lt,</strong></span> <span class='ocrx_word' id='word_1_67' title='bbox 1105 1417 1135 1478; x_wconf 82' lang='lat' dir='ltr'><strong>io</strong></span> <span class='ocrx_word' id='word_1_68' title='bbox 1160 1435 1323 1498; x_wconf 79' lang='lat' dir='ltr'><strong>nunquam</strong></span> 
     </span>
     <span class='ocr_line' id='line_1_9' title="bbox 222 1522 1322 1605; baseline 0.001 -20"><span class='ocrx_word' id='word_1_69' title='bbox 222 1523 264 1586; x_wconf 85' lang='lat' dir='ltr'><strong>atl</strong></span> <span class='ocrx_word' id='word_1_70' title='bbox 286 1524 484 1586; x_wconf 81' lang='lat' dir='ltr'><strong>eonsnlatum</strong></span> <span class='ocrx_word' id='word_1_71' title='bbox 506 1523 653 1604; x_wconf 85' lang='lat' dir='ltr'><strong>pervenit</strong></span> <span class='ocrx_word' id='word_1_72' title='bbox 674 1539 779 1602; x_wconf 86' lang='lat' dir='ltr'><strong>neque</strong></span> <span class='ocrx_word' id='word_1_73' title='bbox 800 1522 881 1584; x_wconf 86' lang='lat' dir='ltr'><strong>alias</strong></span> <span class='ocrx_word' id='word_1_74' title='bbox 901 1525 1015 1584; x_wconf 88' lang='lat' dir='ltr'><strong>iterum</strong></span> <span class='ocrx_word' id='word_1_75' title='bbox 1038 1532 1243 1605; x_wconf 86' lang='lat' dir='ltr'><strong>memoratur,</strong></span> <span class='ocrx_word' id='word_1_76' title='bbox 1257 1524 1322 1586; x_wconf 82' lang='lat' dir='ltr'><strong>niai</strong></span> 
     </span>
     <span class='ocr_line' id='line_1_10' title="bbox 221 1628 1321 1712; baseline 0.002 -20"><span class='ocrx_word' id='word_1_77' title='bbox 221 1631 363 1694; x_wconf 70' lang='lat' dir='ltr'><strong>fumare</strong></span> <span class='ocrx_word' id='word_1_78' title='bbox 393 1629 475 1692; x_wconf 86' lang='lat' dir='ltr'><strong>idem</strong></span> <span class='ocrx_word' id='word_1_79' title='bbox 504 1639 556 1692; x_wconf 83' lang='lat' dir='ltr'><strong>eat</strong></span> <span class='ocrx_word' id='word_1_80' title='bbox 586 1639 683 1711; x_wconf 82' lang='lat' dir='ltr'><strong>atque</strong></span> <span class='ocrx_word' id='word_1_81' title='bbox 712 1629 764 1692; x_wconf 88' lang='lat' dir='ltr'><strong>illa</strong></span> <span class='ocrx_word' id='word_1_82' title='bbox 795 1637 982 1710; x_wconf 79' lang='lat' dir='ltr'><strong>propraetor</strong></span> <span class='ocrx_word' id='word_1_83' title='bbox 1014 1628 1190 1712; x_wconf 83' lang='lat' dir='ltr'><strong>Oetaviue,</strong></span> <span class='ocrx_word' id='word_1_84' title='bbox 1227 1633 1321 1694; x_wconf 78' lang='lat' dir='ltr'><strong>ouius</strong></span> 
     </span>
     <span class='ocr_line' id='line_1_11' title="bbox 221 1734 1323 1820; baseline 0.002 -22"><span class='ocrx_word' id='word_1_85' title='bbox 221 1741 340 1800; x_wconf 86' lang='lat' dir='ltr'><strong>mentio</strong></span> <span class='ocrx_word' id='word_1_86' title='bbox 370 1737 405 1800; x_wconf 87' lang='lat' dir='ltr'><strong>lit</strong></span> <span class='ocrx_word' id='word_1_87' title='bbox 424 1739 457 1798; x_wconf 88' lang='lat' dir='ltr'><strong>in</strong></span> <span class='ocrx_word' id='word_1_88' title='bbox 480 1737 617 1798; x_wconf 81' lang='lat' dir='ltr'><strong>biviana</strong></span> <span class='ocrx_word' id='word_1_89' title='bbox 639 1735 692 1796; x_wconf 86' lang='lat' dir='ltr'><strong>vel</strong></span> <span class='ocrx_word' id='word_1_90' title='bbox 714 1734 910 1798; x_wconf 84' lang='lat' dir='ltr'><strong>Sallustiana</strong></span> <span class='ocrx_word' id='word_1_91' title='bbox 932 1735 1115 1820; x_wconf 78' lang='lat' dir='ltr'><strong>fragmento</strong></span> <span class='ocrx_word' id='word_1_92' title='bbox 1136 1756 1238 1817; x_wconf 93' lang='lat' dir='ltr'><strong>nuper</strong></span> <span class='ocrx_word' id='word_1_93' title='bbox 1260 1757 1323 1800; x_wconf 85' lang='lat' dir='ltr'><strong>re·</strong></span> 
     </span>
     <span class='ocr_line' id='line_1_12' title="bbox 219 1842 1321 1924; baseline 0.004 -18"><span class='ocrx_word' id='word_1_94' title='bbox 219 1853 310 1924; x_wconf 84' lang='lat' dir='ltr'><strong>porto</strong></span> <span class='ocrx_word' id='word_1_95' title='bbox 339 1854 372 1907; x_wconf 88' lang='lat' dir='ltr'><strong>et</strong></span> <span class='ocrx_word' id='word_1_96' title='bbox 392 1862 412 1907; x_wconf 88' lang='lat' dir='ltr'><strong>a</strong></span> <span class='ocrx_word' id='word_1_97' title='bbox 432 1845 561 1906; x_wconf 78' lang='lat' dir='ltr'><strong>Pertuio</strong></span> <span class='ocrx_word' id='word_1_98' title='bbox 585 1847 719 1923; x_wconf 86' lang='lat' dir='ltr'><strong>primum</strong></span> <span class='ocrx_word' id='word_1_99' title='bbox 748 1843 911 1922; x_wconf 78' lang='lat' dir='ltr'><strong>publicato</strong></span> <span class='ocrx_word' id='word_1_100' title='bbox 923 1845 965 1918; x_wconf 82' lang='lat'><strong>⁴).</strong></span> <span class='ocrx_word' id='word_1_101' title='bbox 1009 1842 1093 1907; x_wconf 83' lang='lat' dir='ltr'><strong>Cum</strong></span> <span class='ocrx_word' id='word_1_102' title='bbox 1116 1847 1198 1906; x_wconf 85' lang='lat' dir='ltr'><strong>onim</strong></span> <span class='ocrx_word' id='word_1_103' title='bbox 1225 1846 1257 1908; x_wconf 88' lang='lat' dir='ltr'><strong>io</strong></span> <span class='ocrx_word' id='word_1_104' title='bbox 1279 1866 1321 1910; x_wconf 87' lang='lat' dir='ltr'><strong>eo</strong></span> 
     </span>
     <span class='ocr_line' id='line_1_13' title="bbox 221 1951 1321 2032; baseline -0.002 -14"><span class='ocrx_word' id='word_1_105' title='bbox 221 1955 263 2018; x_wconf 79' lang='lat' dir='ltr'><strong>da</strong></span> <span class='ocrx_word' id='word_1_106' title='bbox 283 1955 356 2016; x_wconf 87' lang='lat' dir='ltr'><strong>anni</strong></span> <span class='ocrx_word' id='word_1_107' title='bbox 382 1955 453 2017; x_wconf 86' lang='grc'><strong>681.</strong></span> <span class='ocrx_word' id='word_1_108' title='bbox 482 1953 584 2016; x_wconf 80' lang='lat' dir='ltr'><strong>turbio</strong></span> <span class='ocrx_word' id='word_1_109' title='bbox 612 1970 718 2016; x_wconf 85' lang='lat' dir='ltr'><strong>sermo</strong></span> <span class='ocrx_word' id='word_1_110' title='bbox 748 1951 860 2030; x_wconf 61' lang='grc'><strong>8115),</strong></span> <span class='ocrx_word' id='word_1_111' title='bbox 894 1951 976 2014; x_wconf 90' lang='lat' dir='ltr'><strong>iuter</strong></span> <span class='ocrx_word' id='word_1_112' title='bbox 1006 1969 1119 2014; x_wconf 79' lang='lat' dir='ltr'><strong>omnes</strong></span> <span class='ocrx_word' id='word_1_113' title='bbox 1150 1951 1321 2032; x_wconf 81' lang='lat' dir='ltr'><strong>Octaviae,</strong></span> 
     </span>
     <span class='ocr_line' id='line_1_14' title="bbox 221 2043 1322 2146; baseline 0 -20"><span class='ocrx_word' id='word_1_114' title='bbox 221 2083 353 2146; x_wconf 82' lang='lat' dir='ltr'><strong>quorum</strong></span> <span class='ocrx_word' id='word_1_115' title='bbox 373 2063 523 2126; x_wconf 86' lang='lat' dir='ltr'><strong>memoria</strong></span> <span class='ocrx_word' id='word_1_116' title='bbox 545 2062 586 2124; x_wconf 90' lang='lat' dir='ltr'><strong>ad</strong></span> <span class='ocrx_word' id='word_1_117' title='bbox 608 2080 668 2124; x_wconf 81' lang='lat' dir='ltr'><strong>noa</strong></span> <span class='ocrx_word' id='word_1_118' title='bbox 692 2043 895 2142; x_wconf 81' lang='lat' dir='ltr'><strong>pervenit⁶),</strong></span> <span class='ocrx_word' id='word_1_119' title='bbox 924 2059 955 2120; x_wconf 88' lang='lat' dir='ltr'><strong>io</strong></span> <span class='ocrx_word' id='word_1_120' title='bbox 977 2060 1062 2143; x_wconf 80' lang='lat' dir='ltr'><strong>legis</strong></span> <span class='ocrx_word' id='word_1_121' title='bbox 1094 2061 1322 2126; x_wconf 79' lang='lat' dir='ltr'><strong>frumentariae·</strong></span> 
     </span>
     <span class='ocr_line' id='line_1_15' title="bbox 218 2153 1118 2248; baseline -0.007 -14"><span class='ocrx_word' id='word_1_122' title='bbox 218 2179 382 2235; x_wconf 88' lang='lat' dir='ltr'><strong>anetorem</strong></span> <span class='ocrx_word' id='word_1_123' title='bbox 404 2177 525 2232; x_wconf 73' lang='lat' dir='ltr'><strong>motum</strong></span> <span class='ocrx_word' id='word_1_124' title='bbox 547 2169 610 2230; x_wconf 87' lang='lat' dir='ltr'><strong>hoo</strong></span> <span class='ocrx_word' id='word_1_125' title='bbox 631 2178 797 2248; x_wconf 91' lang='lat' dir='ltr'><strong>praeturae</strong></span> <span class='ocrx_word' id='word_1_126' title='bbox 818 2153 946 2247; x_wconf 78' lang='lat' dir='ltr'><strong>tempus</strong></span> <span class='ocrx_word' id='word_1_127' title='bbox 965 2169 1118 2246; x_wconf 81' lang='lat' dir='ltr'><strong>oongruit.</strong></span> 
     </span>
    </p>

    <p class='ocr_par' dir='ltr' id='par_1_2' title="bbox 215 2271 1321 3410">
     <span class='ocr_line' id='line_1_16' title="bbox 303 2271 1316 2355; baseline -0.001 -15"><span class='ocrx_word' id='word_1_128' title='bbox 303 2277 415 2340; x_wconf 83' lang='lat' dir='ltr'><strong>Paullo</strong></span> <span class='ocrx_word' id='word_1_129' title='bbox 445 2283 520 2354; x_wconf 80' lang='lat' dir='ltr'><strong>post</strong></span> <span class='ocrx_word' id='word_1_130' title='bbox 547 2275 654 2354; x_wconf 77' lang='lat' dir='ltr'><strong>legem</strong></span> <span class='ocrx_word' id='word_1_131' title='bbox 683 2273 853 2336; x_wconf 76' lang='lat' dir='ltr'><strong>oetaviam</strong></span> <span class='ocrx_word' id='word_1_132' title='bbox 884 2271 1032 2334; x_wconf 74' lang='lat' dir='ltr'><strong>frumenti</strong></span> <span class='ocrx_word' id='word_1_133' title='bbox 1067 2274 1266 2355; x_wconf 77' lang='lat' dir='ltr'><strong>largitionem</strong></span> <span class='ocrx_word' id='word_1_134' title='bbox 1294 2294 1316 2338; x_wconf 88' lang='lat' dir='ltr'><strong>a</strong></span> 
     </span>
     <span class='ocr_line' id='line_1_17' title="bbox 218 2381 1320 2464; baseline -0.004 -16"><span class='ocrx_word' id='word_1_135' title='bbox 218 2384 310 2448; x_wconf 82' lang='lat' dir='ltr'><strong>Sella</strong></span> <span class='ocrx_word' id='word_1_136' title='bbox 330 2401 460 2464; x_wconf 82' lang='lat' dir='ltr'><strong>proraua</strong></span> <span class='ocrx_word' id='word_1_137' title='bbox 481 2381 637 2444; x_wconf 80' lang='lat' dir='ltr'><strong>sublatam</strong></span> <span class='ocrx_word' id='word_1_138' title='bbox 660 2399 737 2443; x_wconf 80' lang='lat' dir='ltr'><strong>ease</strong></span> <span class='ocrx_word' id='word_1_139' title='bbox 760 2382 889 2462; x_wconf 73' lang='lat' dir='ltr'><strong>lipsius</strong></span> <span class='ocrx_word' id='word_1_140' title='bbox 904 2389 938 2443; x_wconf 87' lang='lat' dir='ltr'><strong>at</strong></span> <span class='ocrx_word' id='word_1_141' title='bbox 951 2382 1185 2444; x_wconf 81' lang='lat' dir='ltr'><strong>Mourmaoniua</strong></span> <span class='ocrx_word' id='word_1_142' title='bbox 1209 2382 1320 2463; x_wconf 81' lang='lat' dir='ltr'><strong>suspi-</strong></span> 
     </span>
     <span class='ocr_line' id='line_1_18' title="bbox 219 2483 1321 2573; baseline 0 -19"><span class='ocrx_word' id='word_1_143' title='bbox 219 2493 285 2554; x_wconf 85' lang='lat' dir='ltr'><strong>oati</strong></span> <span class='ocrx_word' id='word_1_144' title='bbox 303 2499 388 2554; x_wconf 83' lang='lat' dir='ltr'><strong>snut.</strong></span> <span class='ocrx_word' id='word_1_145' title='bbox 432 2487 525 2567; x_wconf 81' lang='lat' dir='ltr'><strong>Quod</strong></span> <span class='ocrx_word' id='word_1_146' title='bbox 549 2506 704 2550; x_wconf 73' lang='lat' dir='ltr'><strong>verumne</strong></span> <span class='ocrx_word' id='word_1_147' title='bbox 725 2490 781 2566; x_wconf 82' lang='lat' dir='ltr'><strong>ait,</strong></span> <span class='ocrx_word' id='word_1_148' title='bbox 802 2495 932 2568; x_wconf 88' lang='lat' dir='ltr'><strong>propter</strong></span> <span class='ocrx_word' id='word_1_149' title='bbox 948 2507 1019 2550; x_wconf 85' lang='lat' dir='ltr'><strong>eam</strong></span> <span class='ocrx_word' id='word_1_150' title='bbox 1033 2495 1127 2570; x_wconf 82' lang='lat' dir='ltr'><strong>quani</strong></span> <span class='ocrx_word' id='word_1_151' title='bbox 1141 2491 1202 2551; x_wconf 87' lang='lat' dir='ltr'><strong>ianr</strong></span> <span class='ocrx_word' id='word_1_152' title='bbox 1220 2483 1321 2573; x_wconf 76' lang='lat' dir='ltr'><strong>supra</strong></span> 
     </span>
     <span class='ocr_line' id='line_1_19' title="bbox 218 2593 1318 2677; baseline 0 -17"><span class='ocrx_word' id='word_1_153' title='bbox 218 2617 282 2660; x_wconf 86' lang='lat' dir='ltr'><strong>non</strong></span> <span class='ocrx_word' id='word_1_154' title='bbox 311 2598 473 2677; x_wconf 78' lang='lat' dir='ltr'><strong>potuimus</strong></span> <span class='ocrx_word' id='word_1_155' title='bbox 500 2613 565 2656; x_wconf 88' lang='lat' dir='ltr'><strong>non</strong></span> <span class='ocrx_word' id='word_1_156' title='bbox 592 2593 700 2658; x_wconf 85' lang='lat' dir='ltr'><strong>dolare</strong></span> <span class='ocrx_word' id='word_1_157' title='bbox 729 2593 862 2656; x_wconf 79' lang='lat' dir='ltr'><strong>fontium</strong></span> <span class='ocrx_word' id='word_1_158' title='bbox 891 2595 1102 2674; x_wconf 76' lang='lat' dir='ltr'><strong>exiguitatem</strong></span> <span class='ocrx_word' id='word_1_159' title='bbox 1134 2595 1318 2660; x_wconf 76' lang='lat' dir='ltr'><strong>discernere</strong></span> 
     </span>
     <span class='ocr_line' id='line_1_20' title="bbox 220 2699 1319 2784; baseline -0.001 -17"><span class='ocrx_word' id='word_1_160' title='bbox 220 2706 278 2767; x_wconf 77' lang='lat' dir='ltr'><strong>rix·</strong></span> <span class='ocrx_word' id='word_1_161' title='bbox 300 2719 482 2784; x_wconf 73' lang='lat' dir='ltr'><strong>possumne.</strong></span> <span class='ocrx_word' id='word_1_162' title='bbox 532 2703 617 2764; x_wconf 87' lang='lat' dir='ltr'><strong>Nam</strong></span> <span class='ocrx_word' id='word_1_163' title='bbox 637 2700 739 2764; x_wconf 82' lang='lat' dir='ltr'><strong>verba</strong></span> <span class='ocrx_word' id='word_1_164' title='bbox 761 2719 780 2760; x_wconf 87' lang='lat' dir='ltr'><strong>o</strong></span> <span class='ocrx_word' id='word_1_165' title='bbox 801 2699 914 2780; x_wconf 83' lang='lat' dir='ltr'><strong>hepidi</strong></span> <span class='ocrx_word' id='word_1_166' title='bbox 937 2701 1081 2763; x_wconf 87' lang='lat' dir='ltr'><strong>oratione</strong></span> <span class='ocrx_word' id='word_1_167' title='bbox 1102 2702 1186 2781; x_wconf 86' lang='lat' dir='ltr'><strong>apud</strong></span> <span class='ocrx_word' id='word_1_168' title='bbox 1207 2703 1319 2768; x_wconf 78' lang='lat' dir='ltr'><strong>Sallu-</strong></span> 
     </span>
     <span class='ocr_line' id='line_1_21' title="bbox 217 2805 1320 2888; baseline -0.004 -12"><span class='ocrx_word' id='word_1_169' title='bbox 217 2816 315 2876; x_wconf 83' lang='lat' dir='ltr'><strong>atium</strong></span> <span class='ocrx_word' id='word_1_170' title='bbox 335 2812 397 2872; x_wconf 89' lang='lat' dir='ltr'><strong>iam</strong></span> <span class='ocrx_word' id='word_1_171' title='bbox 420 2826 517 2888; x_wconf 81' lang='lat' dir='ltr'><strong>supra</strong></span> <span class='ocrx_word' id='word_1_172' title='bbox 538 2805 683 2883; x_wconf 86' lang='lat' dir='ltr'><strong>laudata,</strong></span> <span class='ocrx_word' id='word_1_173' title='bbox 712 2805 825 2884; x_wconf 81' lang='lat' dir='ltr'><strong>quibus</strong></span> <span class='ocrx_word' id='word_1_174' title='bbox 844 2806 923 2870; x_wconf 82' lang='lat' dir='ltr'><strong>solis</strong></span> <span class='ocrx_word' id='word_1_175' title='bbox 943 2805 1056 2870; x_wconf 86' lang='lat' dir='ltr'><strong>lrornm</strong></span> <span class='ocrx_word' id='word_1_176' title='bbox 1078 2809 1216 2874; x_wconf 83' lang='lat' dir='ltr'><strong>virorum</strong></span> <span class='ocrx_word' id='word_1_177' title='bbox 1238 2829 1320 2873; x_wconf 81' lang='lat' dir='ltr'><strong>aen·</strong></span> 
     </span>
     <span class='ocr_line' id='line_1_22' title="bbox 219 2913 1317 3001; baseline -0.002 -17"><span class='ocrx_word' id='word_1_178' title='bbox 219 2921 319 2984; x_wconf 73' lang='lat' dir='ltr'><strong>tentia</strong></span> <span class='ocrx_word' id='word_1_179' title='bbox 341 2919 462 2999; x_wconf 88' lang='lat' dir='ltr'><strong>nititur,</strong></span> <span class='ocrx_word' id='word_1_180' title='bbox 485 2934 523 2978; x_wconf 90' lang='lat' dir='ltr'><strong>ea</strong></span> <span class='ocrx_word' id='word_1_181' title='bbox 548 2913 589 2980; x_wconf 80' lang='lat' dir='ltr'><strong>ati</strong></span> <span class='ocrx_word' id='word_1_182' title='bbox 606 2916 710 2998; x_wconf 83' lang='lat' dir='ltr'><strong>legem</strong></span> <span class='ocrx_word' id='word_1_183' title='bbox 726 2914 897 2979; x_wconf 74' lang='lat' dir='ltr'><strong>Octaviam</strong></span> <span class='ocrx_word' id='word_1_184' title='bbox 913 2916 1025 2980; x_wconf 82' lang='lat' dir='ltr'><strong>referri</strong></span> <span class='ocrx_word' id='word_1_185' title='bbox 1038 2935 1100 2980; x_wconf 91' lang='lat' dir='ltr'><strong>non</strong></span> <span class='ocrx_word' id='word_1_186' title='bbox 1115 2937 1225 3001; x_wconf 81' lang='lat' dir='ltr'><strong>posse,</strong></span> <span class='ocrx_word' id='word_1_187' title='bbox 1244 2921 1317 2983; x_wconf 88' lang='lat' dir='ltr'><strong>ideo</strong></span> 
     </span>
     <span class='ocr_line' id='line_1_23' title="bbox 217 3024 1320 3107; baseline 0.002 -17"><span class='ocrx_word' id='word_1_188' title='bbox 217 3025 424 3090; x_wconf 71' lang='lat' dir='ltr'><strong>demormtrari</strong></span> <span class='ocrx_word' id='word_1_189' title='bbox 453 3025 580 3104; x_wconf 84' lang='lat' dir='ltr'><strong>nequit,</strong></span> <span class='ocrx_word' id='word_1_190' title='bbox 608 3025 682 3105; x_wconf 84' lang='lat' dir='ltr'><strong>quia</strong></span> <span class='ocrx_word' id='word_1_191' title='bbox 708 3033 825 3104; x_wconf 81' lang='lat' dir='ltr'><strong>quanta</strong></span> <span class='ocrx_word' id='word_1_192' title='bbox 854 3024 917 3088; x_wconf 83' lang='lat' dir='ltr'><strong>hae</strong></span> <span class='ocrx_word' id='word_1_193' title='bbox 945 3027 1019 3107; x_wconf 78' lang='lat' dir='ltr'><strong>lege</strong></span> <span class='ocrx_word' id='word_1_194' title='bbox 1044 3029 1161 3090; x_wconf 74' lang='lat' dir='ltr'><strong>relicta</strong></span> <span class='ocrx_word' id='word_1_195' title='bbox 1181 3029 1227 3091; x_wconf 80' lang='lat' dir='ltr'><strong>ait</strong></span> <span class='ocrx_word' id='word_1_196' title='bbox 1247 3031 1320 3092; x_wconf 79' lang='lat' dir='ltr'><strong>fru-</strong></span> 
     </span>
     <span class='ocr_line' id='line_1_24' title="bbox 216 3129 1316 3220; baseline 0.006 -24"><span class='ocrx_word' id='word_1_197' title='bbox 216 3135 312 3196; x_wconf 87' lang='lat' dir='ltr'><strong>monti</strong></span> <span class='ocrx_word' id='word_1_198' title='bbox 334 3133 463 3214; x_wconf 84' lang='lat' dir='ltr'><strong>largitio</strong></span> <span class='ocrx_word' id='word_1_199' title='bbox 483 3131 673 3211; x_wconf 79' lang='lat' dir='ltr'><strong>ignoramus.</strong></span> <span class='ocrx_word' id='word_1_200' title='bbox 717 3129 753 3192; x_wconf 88' lang='lat' dir='ltr'><strong>ltl</strong></span> <span class='ocrx_word' id='word_1_201' title='bbox 775 3139 896 3194; x_wconf 86' lang='lat' dir='ltr'><strong>tautum</strong></span> <span class='ocrx_word' id='word_1_202' title='bbox 919 3151 962 3194; x_wconf 85' lang='lat' dir='ltr'><strong>ex</strong></span> <span class='ocrx_word' id='word_1_203' title='bbox 983 3135 1033 3195; x_wconf 86' lang='lat' dir='ltr'><strong>eis</strong></span> <span class='ocrx_word' id='word_1_204' title='bbox 1055 3145 1187 3216; x_wconf 85' lang='lat' dir='ltr'><strong>apparet</strong></span> <span class='ocrx_word' id='word_1_205' title='bbox 1201 3138 1316 3220; x_wconf 80' lang='lat' dir='ltr'><strong>Lepidi</strong></span> 
     </span>
     <span class='ocr_line' id='line_1_25' title="bbox 216 3237 1317 3326; baseline 0.005 -23"><span class='ocrx_word' id='word_1_206' title='bbox 216 3249 361 3320; x_wconf 86' lang='lat' dir='ltr'><strong>tempore</strong></span> <span class='ocrx_word' id='word_1_207' title='bbox 386 3245 441 3300; x_wconf 87' lang='lat' dir='ltr'><strong>aut</strong></span> <span class='ocrx_word' id='word_1_208' title='bbox 467 3237 588 3312; x_wconf 79' lang='lat' dir='ltr'><strong>nullas,</strong></span> <span class='ocrx_word' id='word_1_209' title='bbox 610 3242 667 3299; x_wconf 86' lang='lat' dir='ltr'><strong>aut</strong></span> <span class='ocrx_word' id='word_1_210' title='bbox 695 3251 851 3316; x_wconf 86' lang='lat' dir='ltr'><strong>perquam</strong></span> <span class='ocrx_word' id='word_1_211' title='bbox 877 3238 1015 3322; x_wconf 76' lang='lat' dir='ltr'><strong>exiguae</strong></span> <span class='ocrx_word' id='word_1_212' title='bbox 1041 3241 1144 3306; x_wconf 84' lang='lat' dir='ltr'><strong>luiaaa</strong></span> <span class='ocrx_word' id='word_1_213' title='bbox 1170 3245 1317 3326; x_wconf 74' lang='lat' dir='ltr'><strong>publicae</strong></span> 
     </span>
     <span class='ocr_line' id='line_1_26' title="bbox 215 3346 488 3410; baseline -0.007 0"><span class='ocrx_word' id='word_1_214' title='bbox 215 3346 488 3410; x_wconf 74' lang='lat' dir='ltr'><strong>frumentationes.</strong></span> 
     </span>
    </p>
   </div>
   <div class='ocr_carea' id='block_1_2' title="bbox 218 3462 477 3482">
    <p class='ocr_par' dir='ltr' id='par_1_3' title="bbox 218 3462 477 3482">
     <span class='ocr_line' id='line_1_27' title="bbox 218 3462 477 3482; baseline -0.015 0"><span class='ocrx_word' id='word_1_215' title='bbox 218 3462 477 3482; x_wconf 46' lang='lat' dir='ltr'><em>W</em></span> 
     </span>
    </p>
   </div>
   <div class='ocr_carea' id='block_1_3' title="bbox 233 3505 1315 3662">
    <p class='ocr_par' dir='ltr' id='par_1_4' title="bbox 233 3505 1315 3662">
     <span class='ocr_line' id='line_1_28' title="bbox 233 3505 1315 3595; baseline 0.007 -25"><span class='ocrx_word' id='word_1_216' title='bbox 233 3522 263 3588; x_wconf 87' lang='lat'><strong>1)</strong></span> <span class='ocrx_word' id='word_1_217' title='bbox 279 3523 319 3570; x_wconf 86' lang='lat' dir='ltr'><strong>ed.</strong></span> <span class='ocrx_word' id='word_1_218' title='bbox 338 3517 413 3568; x_wconf 82' lang='lat' dir='ltr'><strong>Cart.</strong></span> <span class='ocrx_word' id='word_1_219' title='bbox 432 3530 458 3579; x_wconf 90' lang='lat' dir='ltr'><strong>p.</strong></span> <span class='ocrx_word' id='word_1_220' title='bbox 476 3519 542 3568; x_wconf 89' lang='grc'><strong>999.</strong></span> <span class='ocrx_word' id='word_1_221' title='bbox 566 3519 699 3582; x_wconf 78' lang='lat' dir='ltr'><strong>»Populos</strong></span> <span class='ocrx_word' id='word_1_222' title='bbox 715 3505 872 3574; x_wconf 77' lang='lat' dir='ltr'><strong>Romanus«</strong></span> <span class='ocrx_word' id='word_1_223' title='bbox 890 3549 923 3561; x_wconf 93' lang='lat'><em>-</em></span> <span class='ocrx_word' id='word_1_224' title='bbox 940 3538 992 3577; x_wconf 80' lang='lat' dir='ltr'><strong>»ne</strong></span> <span class='ocrx_word' id='word_1_225' title='bbox 1008 3528 1123 3579; x_wconf 84' lang='lat' dir='ltr'><strong>servilia</strong></span> <span class='ocrx_word' id='word_1_226' title='bbox 1139 3531 1242 3595; x_wconf 82' lang='lat' dir='ltr'><strong>quidem</strong></span> <span class='ocrx_word' id='word_1_227' title='bbox 1260 3537 1315 3588; x_wconf 69' lang='lat' dir='ltr'><strong>an.</strong></span> 
     </span>
     <span class='ocr_line' id='line_1_29' title="bbox 282 3601 616 3662; baseline 0 -11"><span class='ocrx_word' id='word_1_228' title='bbox 282 3605 371 3651; x_wconf 85' lang='lat' dir='ltr'><strong>menta</strong></span> <span class='ocrx_word' id='word_1_229' title='bbox 388 3601 495 3662; x_wconf 85' lang='lat' dir='ltr'><strong>reliqua</strong></span> <span class='ocrx_word' id='word_1_230' title='bbox 512 3601 616 3651; x_wconf 75' lang='lat' dir='ltr'><strong>habeta</strong></span> 
     </span>
    </p>
   </div>
   <div class='ocr_carea' id='block_1_4' title="bbox 230 3681 1316 3820">
    <p class='ocr_par' dir='ltr' id='par_1_5' title="bbox 230 3681 1316 3820">
     <span class='ocr_line' id='line_1_30' title="bbox 230 3681 1316 3782; baseline 0.023 -49"><span class='ocrx_word' id='word_1_231' title='bbox 230 3684 265 3751; x_wconf 76' lang='lat' dir='ltr'><strong>a)</strong></span> <span class='ocrx_word' id='word_1_232' title='bbox 282 3688 315 3735; x_wconf 83' lang='lat' dir='ltr'><strong>de</strong></span> <span class='ocrx_word' id='word_1_233' title='bbox 330 3685 400 3782; x_wconf 66' lang='lat' dir='ltr'><strong>onio.</strong></span> <span class='ocrx_word' id='word_1_234' title='bbox 414 3681 449 3734; x_wconf 88' lang='lat' dir='ltr'><strong>ll.</strong></span> <span class='ocrx_word' id='word_1_235' title='bbox 466 3684 527 3734; x_wconf 74' lang='grc' dir='ltr'><strong>91.ι</strong></span> <span class='ocrx_word' id='word_1_236' title='bbox 554 3683 603 3742; x_wconf 70' lang='lat' dir='ltr'><strong>ac.</strong></span> <span class='ocrx_word' id='word_1_237' title='bbox 622 3683 734 3744; x_wconf 85' lang='lat' dir='ltr'><strong>Graoolrl</strong></span> <span class='ocrx_word' id='word_1_238' title='bbox 758 3705 859 3758; x_wconf 81' lang='lat' dir='ltr'><strong>magna</strong></span> <span class='ocrx_word' id='word_1_239' title='bbox 884 3696 1011 3767; x_wconf 75' lang='lat' dir='ltr'><strong>largiti03</strong></span> <span class='ocrx_word' id='word_1_240' title='bbox 1037 3703 1216 3760; x_wconf 78' lang='lat' dir='ltr'><strong>exhauriebat</strong></span> <span class='ocrx_word' id='word_1_241' title='bbox 1232 3705 1316 3773; x_wconf 78' lang='lat' dir='ltr'><strong>igitur</strong></span> 
     </span>
     <span class='ocr_line' id='line_1_31' title="bbox 280 3781 443 3820; baseline 0 -2"><span class='ocrx_word' id='word_1_242' title='bbox 280 3781 443 3820; x_wconf 50' lang='grc'><strong>6616116614</strong></span> 
     </span>
    </p>
   </div>
   <div class='ocr_carea' id='block_1_5' title="bbox 226 3851 1313 4425">
    <p class='ocr_par' dir='ltr' id='par_1_6' title="bbox 231 3851 1076 3930">
     <span class='ocr_line' id='line_1_32' title="bbox 231 3851 1076 3930; baseline 0.019 -26"><span class='ocrx_word' id='word_1_243' title='bbox 231 3853 262 3920; x_wconf 86' lang='grc'><strong>9)</strong></span> <span class='ocrx_word' id='word_1_244' title='bbox 280 3851 393 3903; x_wconf 83' lang='lat' dir='ltr'><strong>Orosius</strong></span> <span class='ocrx_word' id='word_1_245' title='bbox 411 3853 457 3903; x_wconf 87' lang='lat' dir='ltr'><strong>lib.</strong></span> <span class='ocrx_word' id='word_1_246' title='bbox 475 3855 509 3904; x_wconf 84' lang='lat' dir='ltr'><strong>V.</strong></span> <span class='ocrx_word' id='word_1_247' title='bbox 529 3869 554 3908; x_wconf 89' lang='lat' dir='ltr'><strong>o.</strong></span> <span class='ocrx_word' id='word_1_248' title='bbox 573 3858 618 3907; x_wconf 83' lang='lat' dir='ltr'><strong>te.</strong></span> <span class='ocrx_word' id='word_1_249' title='bbox 637 3855 731 3926; x_wconf 78' lang='lat' dir='ltr'><strong>Cicero</strong></span> <span class='ocrx_word' id='word_1_250' title='bbox 750 3862 788 3912; x_wconf 86' lang='lat' dir='ltr'><strong>de</strong></span> <span class='ocrx_word' id='word_1_251' title='bbox 805 3863 869 3928; x_wconf 80' lang='lat' dir='ltr'><strong>lege</strong></span> <span class='ocrx_word' id='word_1_252' title='bbox 886 3877 949 3930; x_wconf 81' lang='lat' dir='ltr'><strong>ngr.</strong></span> <span class='ocrx_word' id='word_1_253' title='bbox 966 3867 1012 3918; x_wconf 78' lang='grc'><strong>99.</strong></span> <span class='ocrx_word' id='word_1_254' title='bbox 1030 3869 1076 3920; x_wconf 85' lang='grc'><strong>89.</strong></span> 
     </span>
    </p>

    <p class='ocr_par' dir='ltr' id='par_1_7' title="bbox 228 3933 1025 4001">
     <span class='ocr_line' id='line_1_33' title="bbox 228 3933 1025 4001; baseline 0.02 -17"><span class='ocrx_word' id='word_1_255' title='bbox 228 3934 262 3992; x_wconf 79' lang='grc'><strong>4)</strong></span> <span class='ocrx_word' id='word_1_256' title='bbox 279 3933 410 3987; x_wconf 78' lang='lat' dir='ltr'><strong>Ablandl.</strong></span> <span class='ocrx_word' id='word_1_257' title='bbox 428 3937 453 3986; x_wconf 81' lang='lat' dir='ltr'><strong>ol.</strong></span> <span class='ocrx_word' id='word_1_258' title='bbox 471 3938 536 3990; x_wconf 76' lang='lat' dir='ltr'><strong>lirin.</strong></span> <span class='ocrx_word' id='word_1_259' title='bbox 555 3941 639 3994; x_wconf 76' lang='lat' dir='ltr'><strong>Acar.</strong></span> <span class='ocrx_word' id='word_1_260' title='bbox 659 3945 683 3994; x_wconf 83' lang='lat' dir='ltr'><strong>tl.</strong></span> <span class='ocrx_word' id='word_1_261' title='bbox 702 3945 749 4000; x_wconf 84' lang='lat' dir='ltr'><strong>W.</strong></span> <span class='ocrx_word' id='word_1_262' title='bbox 767 3959 802 3996; x_wconf 82' lang='lat' dir='ltr'><strong>zu</strong></span> <span class='ocrx_word' id='word_1_263' title='bbox 822 3948 923 4001; x_wconf 83' lang='lat' dir='ltr'><strong>Berlln.</strong></span> <span class='ocrx_word' id='word_1_264' title='bbox 942 3950 1025 4000; x_wconf 79' lang='grc'><strong>1917.</strong></span> 
     </span>
    </p>

    <p class='ocr_par' dir='ltr' id='par_1_8' title="bbox 231 4021 1310 4099">
     <span class='ocr_line' id='line_1_34' title="bbox 231 4021 1310 4099; baseline 0.023 -30"><span class='ocrx_word' id='word_1_265' title='bbox 231 4021 263 4084; x_wconf 70' lang='lat' dir='ltr'><strong>e)</strong></span> <span class='ocrx_word' id='word_1_266' title='bbox 281 4021 361 4086; x_wconf 78' lang='lat' dir='ltr'><strong>Quod</strong></span> <span class='ocrx_word' id='word_1_267' title='bbox 380 4025 533 4092; x_wconf 84' lang='lat' dir='ltr'><strong>llusclrlrius</strong></span> <span class='ocrx_word' id='word_1_268' title='bbox 550 4041 635 4093; x_wconf 86' lang='lat' dir='ltr'><strong>nuper</strong></span> <span class='ocrx_word' id='word_1_269' title='bbox 652 4036 749 4080; x_wconf 84' lang='lat' dir='ltr'><strong>eontra</strong></span> <span class='ocrx_word' id='word_1_270' title='bbox 766 4031 897 4082; x_wconf 80' lang='lat' dir='ltr'><strong>Pertaium</strong></span> <span class='ocrx_word' id='word_1_271' title='bbox 916 4031 1112 4087; x_wconf 79' lang='lat' dir='ltr'><strong>demonstravit</strong></span> <span class='ocrx_word' id='word_1_272' title='bbox 1131 4034 1310 4099; x_wconf 72' lang='lat' dir='ltr'><strong>(zeitschrift</strong></span> 
     </span>
    </p>

    <p class='ocr_par' dir='ltr' id='par_1_9' title="bbox 232 4105 1313 4262">
     <span class='ocr_line' id='line_1_35' title="bbox 232 4105 1313 4180; baseline 0.019 -27"><span class='ocrx_word' id='word_1_273' title='bbox 232 4125 234 4133; x_wconf 58' lang='lat'>&gt;</span> <span class='ocrx_word' id='word_1_274' title='bbox 278 4105 321 4154; x_wconf 80' lang='lat' dir='ltr'><strong>iiir</strong></span> <span class='ocrx_word' id='word_1_275' title='bbox 338 4109 430 4169; x_wconf 86' lang='lat' dir='ltr'><strong>geaclr.</strong></span> <span class='ocrx_word' id='word_1_276' title='bbox 447 4109 624 4163; x_wconf 82' lang='lat' dir='ltr'><strong>liechtswlss.</strong></span> <span class='ocrx_word' id='word_1_277' title='bbox 644 4113 666 4162; x_wconf 81' lang='lat' dir='ltr'><strong>t.</strong></span> <span class='ocrx_word' id='word_1_278' title='bbox 683 4113 742 4163; x_wconf 82' lang='lat' dir='ltr'><strong>XV.</strong></span> <span class='ocrx_word' id='word_1_279' title='bbox 760 4127 787 4176; x_wconf 90' lang='lat' dir='ltr'><strong>p.</strong></span> <span class='ocrx_word' id='word_1_280' title='bbox 805 4115 897 4180; x_wconf 75' lang='grc'><strong>979),</strong></span> <span class='ocrx_word' id='word_1_281' title='bbox 918 4125 971 4180; x_wconf 81' lang='lat' dir='ltr'><strong>qua</strong></span> <span class='ocrx_word' id='word_1_282' title='bbox 985 4119 1111 4168; x_wconf 79' lang='lat' dir='ltr'><strong>oea&#39;sione</strong></span> <span class='ocrx_word' id='word_1_283' title='bbox 1123 4119 1200 4170; x_wconf 87' lang='lat' dir='ltr'><strong>etiam</strong></span> <span class='ocrx_word' id='word_1_284' title='bbox 1214 4127 1313 4174; x_wconf 82' lang='lat' dir='ltr'><strong>osten·</strong></span> 
     </span>
     <span class='ocr_line' id='line_1_36' title="bbox 278 4187 1307 4262; baseline 0.024 -27"><span class='ocrx_word' id='word_1_285' title='bbox 278 4187 325 4251; x_wconf 77' lang='lat' dir='ltr'><strong>ott,</strong></span> <span class='ocrx_word' id='word_1_286' title='bbox 343 4189 413 4240; x_wconf 88' lang='lat' dir='ltr'><strong>truno</strong></span> <span class='ocrx_word' id='word_1_287' title='bbox 431 4198 632 4257; x_wconf 84' lang='lat' dir='ltr'><strong>propraetorem</strong></span> <span class='ocrx_word' id='word_1_288' title='bbox 650 4197 792 4248; x_wconf 82' lang='lat' dir='ltr'><strong>Octavium</strong></span> <span class='ocrx_word' id='word_1_289' title='bbox 802 4201 937 4252; x_wconf 81' lang='lat' dir='ltr'><strong>formulae</strong></span> <span class='ocrx_word' id='word_1_290' title='bbox 947 4201 1079 4254; x_wconf 81' lang='lat' dir='ltr'><strong>octaviae</strong></span> <span class='ocrx_word' id='word_1_291' title='bbox 1089 4209 1227 4257; x_wconf 80' lang='lat' dir='ltr'><strong>auctorem</strong></span> <span class='ocrx_word' id='word_1_292' title='bbox 1238 4221 1307 4262; x_wconf 76' lang='lat' dir='ltr'><strong>esra.</strong></span> 
     </span>
    </p>

    <p class='ocr_par' dir='ltr' id='par_1_10' title="bbox 226 4267 1307 4352">
     <span class='ocr_line' id='line_1_37' title="bbox 226 4267 1307 4352; baseline 0.023 -33"><span class='ocrx_word' id='word_1_293' title='bbox 226 4267 261 4334; x_wconf 86' lang='lat' dir='ltr'><strong>e)</strong></span> <span class='ocrx_word' id='word_1_294' title='bbox 276 4271 305 4320; x_wconf 76' lang='lat' dir='ltr'><strong>lt</strong></span> <span class='ocrx_word' id='word_1_295' title='bbox 318 4271 452 4325; x_wconf 77' lang='lat' dir='ltr'><strong>matram</strong></span> <span class='ocrx_word' id='word_1_296' title='bbox 473 4276 552 4328; x_wconf 80' lang='lat' dir='ltr'><strong>nutus</strong></span> <span class='ocrx_word' id='word_1_297' title='bbox 570 4281 660 4342; x_wconf 79' lang='lat' dir='ltr'><strong>gentio</strong></span> <span class='ocrx_word' id='word_1_298' title='bbox 677 4283 796 4348; x_wconf 82' lang='lat' dir='ltr'><strong>tamilla,</strong></span> <span class='ocrx_word' id='word_1_299' title='bbox 820 4294 888 4348; x_wconf 80' lang='lat' dir='ltr'><strong>quae</strong></span> <span class='ocrx_word' id='word_1_300' title='bbox 906 4291 969 4336; x_wconf 83' lang='lat' dir='ltr'><strong>anta</strong></span> <span class='ocrx_word' id='word_1_301' title='bbox 985 4285 1103 4352; x_wconf 67' lang='lat' dir='ltr'><strong>Augusti</strong></span> <span class='ocrx_word' id='word_1_302' title='bbox 1120 4291 1225 4351; x_wconf 84' lang='lat' dir='ltr'><strong>patrem</strong></span> <span class='ocrx_word' id='word_1_303' title='bbox 1244 4290 1307 4344; x_wconf 76' lang='lat' dir='ltr'><strong>oola</strong></span> 
     </span>
    </p>

    <p class='ocr_par' dir='ltr' id='par_1_11' title="bbox 234 4354 1220 4425">
     <span class='ocr_line' id='line_1_38' title="bbox 234 4354 1220 4425; baseline 0.02 -22"><span class='ocrx_word' id='word_1_304' title='bbox 234 4405 236 4414; x_wconf 26' lang='lat' dir='ltr'><em>s</em></span> <span class='ocrx_word' id='word_1_305' title='bbox 275 4354 477 4420; x_wconf 75' lang='lat' dir='ltr'><strong>magistratibus</strong></span> <span class='ocrx_word' id='word_1_306' title='bbox 493 4363 631 4416; x_wconf 78' lang='lat' dir='ltr'><strong>curulibus</strong></span> <span class='ocrx_word' id='word_1_307' title='bbox 648 4366 742 4419; x_wconf 86' lang='lat' dir='ltr'><strong>tunota</strong></span> <span class='ocrx_word' id='word_1_308' title='bbox 758 4371 828 4420; x_wconf 83' lang='lat' dir='ltr'><strong>erat.</strong></span> <span class='ocrx_word' id='word_1_309' title='bbox 862 4371 971 4423; x_wconf 76' lang='lat' dir='ltr'><strong>sueton</strong></span> <span class='ocrx_word' id='word_1_310' title='bbox 988 4372 1086 4425; x_wconf 79' lang='lat' dir='ltr'><strong>(lotar.</strong></span> <span class='ocrx_word' id='word_1_311' title='bbox 1105 4383 1129 4424; x_wconf 82' lang='lat' dir='ltr'><strong>o.</strong></span> <span class='ocrx_word' id='word_1_312' title='bbox 1148 4371 1174 4425; x_wconf 89' lang='grc'><strong>1.</strong></span> <span class='ocrx_word' id='word_1_313' title='bbox 1192 4373 1220 4423; x_wconf 79' lang='grc'><strong>9.</strong></span> 
     </span>
    </p>
   </div>
   <div class='ocr_carea' id='block_1_6' title="bbox 0 0 1590 5014">
    <p class='ocr_par' dir='ltr' id='par_1_12' title="bbox 0 0 1590 5014">
     <span class='ocr_line' id='line_1_39' title="bbox 0 0 1590 5014; baseline 0 4"><span class='ocrx_word' id='word_1_314' title='bbox 0 0 1590 5014; x_wconf 95' lang='lat' dir='ltr'><strong> </strong></span> 
     </span>
    </p>
   </div>
  </div>
 </body>
</html>
