3172 5014
263 645 381 708 civium
403 643 434 706 in
454 643 683 707 transmarinas
706 642 845 704 coiouins
868 639 1045 705 distributis
1057 640 1085 721 ¹)
1102 650 1273 704 assecutus
1286 639 1363 705 esso

262 751 399 814 videtur.
452 749 525 826 Qua
553 749 676 812 ratione
699 767 770 812 cum
800 750 923 830 piebem
954 748 1104 811 urbanam
1134 749 1174 812 nd
1202 748 1361 811 dimidiam

262 871 384 944 partem
415 859 617 943 redegisset,
649 860 744 922 etiam
767 853 894 923 cautum
917 879 937 924 a
960 859 1103 948 Caesare
1129 859 1271 922 vidimus
1281 905 1291 940 ,
1322 879 1362 919 ne

222 992 225 995 ·
264 972 374 1032 iterum
398 987 567 1031 servorum
590 969 890 1030 manumissionibus
914 977 947 1028 et
974 969 1091 1030 civium
1115 989 1156 1031 ex
1180 971 1250 1032 aliis
1270 969 1363 1029 terris

264 1095 422 1140 concursu
451 1079 577 1139 nimium
605 1078 635 1139 in
665 1076 792 1138 modum
822 1095 860 1138 ea
891 1086 1059 1138 cresceret.
1088 1110 1129 1120 —
1159 1075 1231 1152 Qua
1259 1074 1299 1137 de
1327 1094 1363 1136 re

264 1205 328 1246 non
350 1185 453 1246 scium
475 1181 619 1247 Suetonii
642 1183 755 1264 verba,
779 1202 862 1265 quae
884 1179 1053 1262 interprete
1077 1203 1136 1244 uon
1159 1192 1274 1265 egent,
1303 1181 1361 1244 scd

263 1299 358 1359 etiam
382 1296 466 1359 atiud
488 1296 579 1358 nobis
600 1303 764 1357 servatum
788 1303 839 1354 est
858 1284 1086 1370 testimonium,
1108 1293 1148 1354 dn
1167 1303 1229 1374 quo
1248 1293 1363 1355 edmu-

263 1404 337 1466 dum
358 1404 439 1465 inter
460 1420 498 1464 se
520 1401 712 1464 dissentiunt
732 1400 790 1461 viri
812 1399 906 1460 docti.
949 1401 1088 1462 'i'abuias
1111 1400 1182 1462 dico
1204 1402 1364 1464 Heracle·

262 1528 378 1589 enses,
412 1510 444 1570 in
471 1527 602 1590 quorum
636 1507 736 1587 prima
770 1507 821 1568 iin.
852 1505 962 1567 1—t9.
989 1508 1205 1586 professiones
1236 1511 1364 1590 praeei-

264 1619 392 1701 piuntur
420 1637 551 1696 eorum,
581 1616 697 1697 quibus
725 1615 913 1680 frumentum
942 1615 1100 1700 pubiicum
1132 1616 1199 1681 dari
1223 1627 1363 1684 vetetur.

261 1726 356 1800 Quae
395 1723 437 1783 ibi
473 1708 758 1802 praescribuntur,
793 1739 832 1784 ea
869 1719 910 1782 ad
939 1721 1094 1785 Suetonii·
1123 1723 1227 1784 iocum
1255 1723 1363 1786 -modo

263 1828 428 1893 laudatum
451 1838 483 1889 et
507 1809 658 1888 Caesaris
680 1825 721 1887 de
739 1845 775 1887 re
786 1825 991 1886 frumentaria
1005 1813 1178 1906 praecepta
1196 1828 1364 1892 referenda

220 2003 221 2008 ,
264 1951 355 2012 esse,
379 1936 530 2017 Saviguy
551 1937 671 2014 primus
691 1933 792 2014 vidit,
816 1934 1002 1996 exstimans
1023 1937 1216 1997 constitutas
1238 1953 1313 1998 esse
1333 1939 1364 2000 in

265 2046 326 2110 bac
345 2045 453 2110 tabula
475 2042 696 2125 professiones
716 2043 926 2124 locupletum,
947 2060 1028 2122 quos
1048 2041 1174 2108 Caesar
1193 2045 1274 2106 inter
1294 2045 1365 2106 fru-

267 2160 406 2220 mentum
417 2149 640 2231 aocipientium
655 2165 818 2214 nnmerum
835 2165 896 2212 non
913 2146 1141 2229 recepisset2).
1161 2149 1245 2212 Cum
1256 2161 1364 2213 autem

266 2267 329 2334 non
362 2259 524 2340 probabile
554 2257 597 2320 sit
623 2257 668 2324 rei
696 2257 861 2322 familiaris
889 2258 1042 2322 rationem
1069 2275 1089 2322 a
1118 2256 1261 2321 Camere
1287 2243 1366 2322 esse

265 2366 405 2434 babitans
422 2367 456 2436 ‚iu
478 2363 642 2447 largiendo
664 2362 856 2438 frumerrto³)
882 2375 981 2448 atque
1001 2367 1114 2431 mirum
1136 2367 1284 2430 videatur
1304 2387 1365 2430 eo·

265 2493 336 2540 rum
350 2473 574 2554 professiones
595 2489 671 2534 esse
691 2469 906 2553 praeceptas,
934 2474 986 2555 qui
1006 2474 1198 2537 frumentum
1220 2476 1367 2555 accipere

267 2601 331 2647 non
358 2580 526 2658 deberent,
554 2579 794 2662 praeferendam
822 2599 899 2644 esse
928 2589 1008 2662 puto
1035 2583 1238 2648 Mommsenii
1266 2589 1366 2647 inter-

265 2689 485 2770 pretationem,
507 2688 559 2770 qui
581 2687 622 2751 de
643 2687 976 2767 professionibusnon
998 2695 1227 2754 recensitorum
1249 2695 1366 2757 civium

268 2798 300 2862 in
322 2797 384 2862 bac
406 2796 513 2860 tabula
534 2797 589 2876 agi
616 2795 800 2876 contendit,
827 2817 847 2858 e
869 2815 1000 2876 quornm
1026 2817 1159 2862 numere
1181 2803 1367 2870 subsortitio
1391 2832 1394 2836 ⁴

269 2905 301 2966 in
333 2905 439 2968 iooum
470 2899 704 2966 demortuorum
737 2899 805 2962 fieri
837 2901 983 2964 debebat.
1041 2903 1146 2982 Quam
1175 2911 1366 2972 sententiam

269 3031 368 3093 nuper
391 3008 610 3091 Goottiingins
631 3008 851 3088 impugnavit,
880 3026 951 3072 oum
980 3009 1084 3075 denuo
1109 3011 1219 3076 ederet
1235 3016 1367 3078 tabutas

269 3118 559 3191 Heracleenses⁴),
594 3116 710 3184 Refelli
730 3136 801 3182 eam
824 3116 898 3183 dicit
917 3118 1058 3182 Suetonii
1080 3120 1188 3183 verbis
1209 3141 1290 3198 „non
1313 3143 1368 3184 re-

270 3225 417 3308 censiti,“
439 3227 553 3306 quibus
576 3232 685 3306 aperte
706 3224 834 3305 probari
853 3206 943 3305 petat
960 3225 1087 3296 civium,
1108 3229 1160 3307 qui
1176 3227 1367 3295 ¹trumentum

268 3353 331 3399 nnn
346 3333 573 3414 accipiebant,
600 3334 728 3396 nemina
758 3350 820 3394 non
851 3348 926 3392 esse
945 3331 1032 3394 iliata
1053 3336 1085 3396 iu
1107 3343 1216 3398 certas
1236 3337 1369 3401 indices.

272 3441 367 3520 Quod
389 3449 502 3512 ,entem
531 3458 573 3502 ex
595 3438 743 3504 Suetonii
771 3437 845 3500 ioco
871 3439 957 3503 nulla
976 3441 1099 3504 ratione
1126 3443 1231 3526 coiiigi
1254 3454 1369 3525 potest.

147 3608 151 3615 .
269 3550 358 3618 Nem
377 3549 430 3630 qni
459 3548 499 3611 ibi
529 3555 685 3614 vocantur
714 3565 777 3613 non
805 3548 973 3628 recensiti,
1003 3553 1202 3614 recensionis
1225 3560 1370 3633 tempore

271 3663 328 3726 aut
350 3655 443 3721 cives
465 3653 602 3721 Romani
630 3651 768 3720 nondun
797 3661 903 3734 erant,
929 3662 985 3716 aut
1005 3653 1130 3722 Romae
1150 3656 1286 3721 nondum
1308 3656 1370 3720 ba-

276 3836 545 3852 --———

291 3961 319 4025 t)
339 3960 415 4013 Suet.
435 3960 487 4012 inl.
506 3963 619 4024 caesar.
637 3975 660 4014 c.
671 3959 715 4016 42.
833 3987 835 3994 a

170 4054 172 4056 ’
287 4051 318 4112 2)
336 4051 493 4104 zeitschrift
510 4053 555 4103 fiir
573 4053 728 4118 geschiottb
749 4054 1040 4107 neentsntnensenan
1058 4055 1114 4107 vol.
1126 4053 1176 4106 xl.
1192 4049 1265 4110 1842.
1277 4057 1354 4119 nbi).

287 4142 319 4206 ὃ)
336 4144 373 4196 ef.
391 4157 460 4204 qaae
479 4147 627 4197 detracta
645 4145 814 4209 disputarunt
835 4147 984 4199 Mommsen
1001 4149 1021 4199 l.
1040 4149 1062 4199 l.
1080 4161 1106 4211 p.
1126 4147 1326 4205 tenesmon
1344 4148 1370 4201 in

337 4234 426 4296 Pasty
442 4235 714 4302 Reeienoyktopiidie
732 4238 788 4288 rol.
805 4239 854 4290 IV.
871 4252 894 4288 a.
913 4243 935 4290 t.
953 4238 1086 4304 nergrrto.

291 4322 320 4392 t)
340 4324 472 4392 Gdttling,
492 4326 633 4381 Funfaebn
651 4328 721 4383 rbm.
739 4327 889 4382 Urkunden
910 4325 980 4382 1845.
998 4344 1025 4394 p.
1042 4328 1126 4395 eosq.
