3172 5014
752 490 960 558 „ro-s

307 673 401 754 tieret,
424 681 522 754 utque
552 672 584 736 io
606 667 777 754 provinciis
800 672 910 736 vineta
938 671 1189 750 soociderentun
1218 674 1328 738 relieta
1356 673 1409 738 ubi

311 785 478 865 plurimum
501 783 627 849 dimidiu
658 779 780 864 parte.“
823 782 876 846 Ex
905 801 968 865 quo
994 782 1098 846 edioto
1121 783 1232 846 neseio
1254 801 1295 847 an
1315 785 1409 846 oolli-

308 911 390 974 gere
424 891 538 970 liceat,
578 889 823 972 haudquaquam
864 907 1016 970 prospere
1053 908 1182 972 semper
1209 891 1410 972 processisse

312 1002 469 1084 pubiioarn
502 1021 648 1066 armoriae
683 1020 802 1066 ouran.
859 1001 955 1080 Quod
988 1002 1132 1083 profecto
1161 1004 1271 1065 mirum
1306 1001 1406 1064 videri

309 1118 427 1191 potest,
452 1127 525 1170 euro
549 1108 665 1172 nulium
695 1109 851 1172 cautionis
879 1127 985 1189 genus
1011 1109 1074 1172 hao
1096 1109 1126 1170 in
1158 1129 1195 1173 re
1225 1109 1409 1192 neglectum

308 1233 383 1279 esse
404 1215 498 1278 modo
520 1213 703 1278 viderimus.
746 1214 812 1278 Sed
836 1215 1040 1279 confirmatur
1061 1216 1144 1278 baud
1168 1220 1249 1280 reris
1271 1216 1310 1280 uo
1324 1216 1409 1279 fame

308 1333 342 1388 et
362 1325 467 1405 inopia
486 1325 634 1406 querelis·
670 1326 728 1388 Sin
751 1326 904 1405 Augusto
926 1327 1118 1407 imperatore
1148 1327 1197 1388 bis
1225 1345 1349 1390 summa
1378 1327 1409 1388 in

311 1431 391 1492 urbe
421 1445 490 1493 orta
518 1444 569 1492 est
602 1448 748 1492 annonae
770 1431 899 1510 caritas,
921 1433 1022 1494 ultera
1045 1453 1131 1495 enno
1153 1452 1183 1496 u.
1203 1431 1278 1512 731,
1297 1435 1326 1495 in
1347 1454 1411 1517 qna

312 1555 420 1605 nurum
444 1539 571 1616 Tiberii,
594 1540 733 1622 quitum
756 1549 957 1620 quaesturam
981 1541 1129 1623 gerebat,
1145 1539 1250 1602 iaudat
1266 1540 1409 1602 Velleius

308 1648 367 1720 (11.
390 1644 477 1722 bb),
506 1647 606 1708 alters
634 1663 663 1707 a.
688 1664 718 1708 u.
740 1644 820 1724 758,
849 1664 931 1728 quoe
952 1656 1072 1727 quanta
1093 1648 1198 1728 suerit,
1220 1646 1315 1709 irruite
1336 1646 1409 1708 iude

312 1753 531 1834 cognoscitur,
554 1752 639 1834 quod
662 1761 695 1814 et
716 1772 777 1834 per
794 1760 868 1815 tres.
883 1771 984 1815 annos
1000 1751 1125 1814 duravit
1142 1754 1168 1826 ¹)
1189 1761 1221 1815 et
1238 1755 1409 1835 Augustus

306 1859 349 1922 ad
370 1859 538 1924 levandam
562 1862 646 1924 urbis
661 1867 820 1924 'annonam
843 1881 882 1923 eo
904 1859 1073 1941 prooessit,
1086 1867 1119 1920 nt
1135 1859 1341 1940 „lanistarum
1355 1859 1408 1920 fo-

314 1969 418 2031 rnilias
451 1987 626 2049 omnesque
659 1968 868 2050 peregrinos,
904 1984 1070 2029 servorum
1099 1985 1227 2048 quoque
1255 1965 1410 2028 maximas

312 2077 423 2157 copies
447 2076 592 2156 exeeptis
624 2075 759 2136 mediois
773 2082 806 2136 et
825 2073 1086 2155 praeooptoribus
1106 2072 1188 2134 trudi
1211 2072 1289 2134 urbe
1312 2089 1412 2153 prae·

310 2183 457 2264 uiperet“
494 2182 588 2245 Oros'.
619 2183 710 2244 Viti·
737 2181 768 2243 3.
797 2182 854 2245 nir.
884 2181 945 2242 Dio
968 2179 1006 2242 C.
1030 2179 1102 2244 LV.
1124 2179 1177 2243 26.
1197 2178 1248 2241 2⁷.
1288 2179 1407 2260 Neque
1533 2205 1535 2208 ·

310 2290 375 2356 nub
397 2290 468 2353 aliis
491 2287 737 2369 imperatoribus
768 2304 905 2368 magnae
936 2283 1068 2358 defuere
1095 2285 1126 2346 in
1155 2285 1232 2346 urbe
1262 2284 1412 2348 frumenti

315 2397 449 2477 inopiae.
491 2395 550 2458 Sin
572 2395 697 2455 Tiberio
720 2393 896 2473 imperante
917 2393 1011 2467 (Teo.
1036 2393 1117 2454 Anu.
1140 2394 1180 2452 11.
1202 2389 1411 2462 87.V1.23.)

269 2571 270 2574 ,
310 2501 366 2566 0.,
391 2501 533 2568 Caesare
560 2501 639 2574 (Dio
669 2499 709 2564 C.
740 2501 826 2571 htx,
866 2499 929 2572 17.)
952 2497 1095 2561 0111111110
1118 2499 1212 2574 (Tae.
1236 2499 1317 2560 Auo.
1337 2498 1410 2563 xn.

311 2613 363 2677 113.
384 2615 509 2678 Sueten
531 2612 581 2675 Gi.
600 2613 648 2674 18.
667 2611 728 2672 Dio
745 2610 839 2674 cass.
855 2611 926 2672 LX.
950 2609 1017 2689 11.)
1041 2612 1171 2672 Nerone
1194 2611 1305 2684 (Suet.
1321 2611 1410 2672 Nero

309 2720 382 2794 45.)
405 2729 469 2782 eto.
494 2718 625 2799 saepius
647 2737 791 2780 annonae
812 2721 946 2779 caritate
968 2716 1080 2778 turbae
1102 2717 1203 2798 plebis
1225 2725 1303 2779 suot
1321 2716 1411 2780 exei-

313 2833 412 2889 tntne.
456 2825 497 2888 Et
518 2824 626 2904 aliqua
648 2821 772 2905 quidem
795 2841 836 2882 ex
857 2831 949 2902 parte
970 2821 1146 2902 contigisse
1167 2821 1295 2884 videtur
1316 2839 1412 2903 meg-2

315 2935 366 2994 nis
388 2929 641 3012 imperat-oribus,
663 2928 716 3010 qui
737 2927 798 2988 sub
820 2927 884 2989 fine
906 2927 998 3008 primi
1019 2937 1052 2989 et
1067 2928 1159 2989 initio
1181 2927 1313 2990 secundi
1333 2946 1412 2992 sao*

319 3039 382 3102 ouli
403 3058 432 3119 p.
446 3036 499 3112 »0.
519 3037 679 3112 vixerunt,
700 3047 734 3096 nt
748 3035 867 3096 crebris
879 3035 928 3096 bis
952 3051 1097 3096 annonae
1117 3036 1277 3117 angustiis
1299 3036 1413 3116 provi«-

311 3145 439 3210 derent.
482 3141 575 3222 Quod
610 3151 715 3224 entem
750 3142 781 3204 in
805 3139 928 3228 ‘horum
951 3148 1138 3223 temporum
1170 3140 1304 3206 historia
1342 3141 1412 3204 fero

315 3271 475 3335 nunqnam
514 3249 553 3312 de
587 3249 672 3311 ierne
700 3256 733 3310 et
767 3249 873 3328 inopia
910 3247 1029 3309 urbana
1051 3246 1206 3324 audimus,
1243 3247 1349 3310 nescio
1371 3265 1411 3310 an

312 3357 445 3420 ‘fontium
471 3369 599 3436 quoque
622 3351 781 3434 angustiis
802 3350 1005 3412 tribuendum
1022 3351 1073 3417 sit.
1129 3351 1130 3354 ’

399 3459 510 3540 ltaque
535 3456 628 3518 senile
650 3454 782 3537 intelligi
804 3456 888 3531 linet,
917 3465 1053 3538 quantus
1075 3455 1220 3518 habuerit
1242 3456 1300 3518 iilis
1322 3464 1410 3517 tem-

316 3570 445 3652 poribus
475 3567 684 3650 difficultates
715 3586 785 3628 earn
812 3567 920 3630 urbem
943 3544 1136 3647 sustentare,
1159 3585 1252 3648 quero
1276 3567 1409 3648 Romam

320 3676 429 3756 primis
449 3693 479 3755 p.
502 3673 547 3736 Ο..
562 3671 698 3754 saeculis
719 3671 822 3734 inisse
845 3681 980 3735 constat.
1022 3671 1175 3736 tudinium
1199 3681 1305 3736 aurem
1326 3673 1412 3736 ferre

316 3783 357 3845 de
376 3784 508 3859 ratione,
529 3801 593 3864 qua
613 3781 697 3842 harro
718 3800 784 3842 reru
806 3786 952 3864 aggressi
975 3786 1038 3844 sint
1054 3783 1413 3858 Romarri,meum·esse

315 3911 378 3953 non
408 3898 516 3972 potest
526 3906 536 3968 3
567 3888 698 3975 quodsi
726 3889 796 3971 quis
819 3899 1028 3972 suscepturus
1050 3892 1113 3968 sit,
1147 3887 1176 3950 ei
1198 3887 1232 3950 id
1252 3887 1412 3970 egendum

315 4000 385 4075 erit,
406 4009 440 4062 ut
462 4007 493 4060 et
515 3997 707 4061 inconditum
732 3997 843 4059 borum
867 3983 1246 4080 temporum'negotiondi
1259 4015 1362 4079 genus
1379 4005 1414 4060 et

314 4107 521 4189 principatum
533 4104 693 4186 respiciat,
715 4123 779 4186 quo
800 4123 878 4186 prae
893 4105 1006 4166 ceteris
1029 4103 1148 4187 imperii
1172 4103 1314 4185 pertibus
1335 4103 1413 4166 urbs

315 4213 420 4276 Romo
445 4213 508 4273 frui
534 4229 692 4292 nunquam
713 4209 815 4272 desiit.

316 4321 574 4338 W

334 4369 367 4434 1)
385 4369 493 4420 Fischer
510 4369 602 4419 Roent.
619 4369 768 4422 zettnrelo
783 4382 810 4432 p.
826 4366 892 4418 431.
909 4369 936 4416 et
952 4380 978 4430 p.
996 4365 1061 4418 136.

710 4484 1004 4504 m
