3172 5014
668 501 871 565 -gg,

215 701 235 742 e
257 681 386 762 publicis
414 679 535 743 horreis
565 688 668 744 ratum
696 681 835 765 quisque
866 683 992 765 accepit
1012 683 1159 748 immenti
1182 686 1319 750 modam.

216 789 299 867 Quill
329 798 436 850 autem
470 788 540 850 illae
561 789 756 850 nummariae
778 798 922 852 tesserae
943 789 1075 871 luerint,
1109 811 1191 874 quae
1217 793 1318 855 semel

215 906 336 959 tantum
358 914 378 957 a
398 894 552 958 Suetonio
569 899 595 969 ¹)
618 904 926 976 commemorantur,
956 897 1055 961 valdo
1085 899 1192 962 arllruc
1212 902 1320 963 ambl-

212 1025 310 1089 gnnm
322 1014 382 1067 est
399 1003 598 1082 Waltarua²)
611 1002 652 1064 de
660 1005 813 1085 pecuniae
822 1005 1048 1086 largitionibus,
1063 1023 1143 1088 quas
1158 1026 1317 1089 pauperes

215 1117 309 1174 cives
340 1113 487 1192 occipere
520 1121 756 1190 consuessent,
792 1111 961 1192 cogitavit.
1002 1112 1071 1176 Sed
1101 1131 1173 1177 cum
1201 1114 1241 1176 de
1268 1116 1319 1178 lris

214 1223 460 1303 nusquamalias
485 1221 576 1282 nobis
605 1221 752 1283 traditum
783 1222 825 1282 sit
851 1241 953 1305 neque
981 1223 1055 1285 milri
1078 1223 1257 1287 Suetonius
1277 1226 1318 1288 de

214 1331 276 1391 alia
298 1349 332 1390 re
354 1348 446 1409 quam
469 1328 509 1390 de
531 1328 735 1390 frumentaria
756 1329 925 1411 largitione
947 1329 1032 1410 loqui
1057 1330 1217 1411 videatur,
1241 1334 1316 1398 huie

213 1441 391 1502 sentcntiae
403 1439 561 1501 accedere
584 1457 714 1520 nequeo.
759 1440 831 1501 Nee
850 1450 955 1499 tamen
970 1439 1180 1503 Mommsenio
1198 1460 1317 1504 asseu-

211 1549 285 1628 tior,
309 1549 360 1629 qui
383 1547 423 1608 do
443 1547 580 1629 gratuito
604 1547 789 1610 lrumentum
808 1547 1026 1627 accipientium
1043 1549 1158 1611 civium
1183 1551 1317 1613 tesseris

210 1655 264 1718 hio
292 1673 470 1716 sermonem
501 1672 574 1714 esse
602 1662 710 1734 putat,
743 1656 857 1736 quippe
892 1657 982 1717 euius
1004 1667 1101 1720 totam
1124 1657 1264 1739 gratuito
1285 1666 1318 1720 et

212 1782 274 1826 non
303 1762 441 1843 gratuito
468 1760 687 1842 accipientium
715 1761 948 1826 distinctionem
971 1783 1033 1824 non
1055 1763 1318 1843 comprobaveri-

213 1889 296 1936 mus,
338 1870 441 1948 Quam
465 1869 504 1930 ob
527 1888 592 1930 rem
613 1869 724 1948 nescio
745 1888 786 1932 an
809 1871 882 1932 nihil
907 1871 1033 1931 intersit
1050 1871 1130 1932 inter
1151 1870 1210 1932 has
1222 1891 1317 1932 nnm-

211 1981 329 2042 marias
349 1989 492 2040 tesseras
513 1986 545 2039 et
567 1977 798 2039 frumentarias.
841 1979 927 2040 Nam
951 1978 1121 2059 qnodlruie
1134 1981 1315 2042 sententiaa

212 2087 341 2148 obstare
363 2081 508 2160 videtur,
536 2081 620 2164 quod
644 2083 812 2164 Augustus
833 2101 891 2144 eas
915 2081 1097 2163 duplicasse
1118 2082 1316 2152 narratoria
1383 2140 1385 2145 .

211 2210 357 2255 annonae
382 2188 638 2267 difficultatibus,
670 2189 765 2251 facile
788 2187 1021 2268 expediendum
1042 2197 1112 2272 est,
1145 2189 1316 2254 dummodo

211 2310 391 2366 statuamus
403 2317 473 2361 eum
484 2318 545 2360 non
561 2296 632 2359 ideo
645 2297 707 2358 hoo
725 2298 854 2372 iecisse,
866 2305 898 2358 nt
908 2296 1024 2377 duplex
1034 2296 1154 2358 civium
1165 2317 1320 2360 numerus

209 2414 400 2476 frumentum
425 2409 597 2489 acciperet,
617 2406 676 2469 sed
699 2416 733 2470 ut
753 2406 868 2487 cuique
891 2406 953 2466 civi
965 2404 1082 2485 duplex
1103 2405 1232 2468 daretur
1244 2407 1318 2468 iru-

209 2523 306 2588 menti
329 2519 444 2584 modus
496 2517 589 2596 Quod
612 2515 789 2581 confirmari
805 2524 887 2596 puto
908 2515 1019 2577 Dionis
1042 2517 1152 2578 verbis
1173 2516 1246 2578 ΙΝ.
1259 2515 1313 2578 an.

208 2624 383 2714 ,picticae
404 2615 467 2709 yoip
490 2619 545 2684 nol
565 2623 688 2708 προῖκα
703 2611 722 2683 ὁ
739 2609 1010 2700 Αὕγουστος’τοῒς
1036 2616 1318 2700 σιτοδοτουμέιοις

207 2717 362 2800 cocciaco
382 2726 495 2814 ἕτερον
514 2721 592 2790 ὅσον
613 2716 667 2789 (iai
686 2713 877 2805 ἐλάμβανον.

291 2845 342 2906 De
362 2839 535 2923 praelectis
555 2835 714 2899 frumento
737 2833 901 2915 dandal),
933 2835 987 2916 qni
1010 2834 1051 2899 ab
1073 2836 1222 2918 Augusto
1246 2833 1318 2898 riis-

207 2951 374 3016 tribuendo
403 2949 560 3010 frumento
588 2943 760 3026 praepositi
789 2949 865 3004 sunt
887 2950 921 3004 et
941 2940 983 3004 de
1002 2961 1134 3004 munere
1155 2942 1314 3024 praefecti

206 3058 395 3136 annonae⁴l
416 3056 457 3120 ab
487 3056 539 3117 illo
567 3054 708 3115 irrentnto
736 3051 857 3113 suffieit
879 3068 937 3112 eos
959 3051 1049 3113 viros
1070 3050 1225 3132 hadasa,
1260 3050 1313 3133 qui

208 3168 248 3230 de
268 3168 320 3229 his
342 3175 406 3228 tam
430 3163 524 3224 docte
547 3179 641 3243 qnam
665 3159 829 3241 sagaciter
852 3167 997 3240 egerunt.

290 3271 440 3336 Ceterum
462 3267 589 3348 largitio
611 3266 759 3329 frumenti
782 3265 868 3327 sieut
889 3255 1007 3327 liberae
1023 3265 1214 3348 reipublicae
1226 3277 1312 3331 tem-

207 3379 336 3463 poribus
358 3395 458 3457 parva
480 3383 601 3438 tantum
625 3391 700 3455 pars
720 3372 781 3434 luit
804 3371 902 3434 totius
923 3390 1018 3435 curae
1040 3393 1194 3443 annonae.
1223 3376 1309 3439 Nam

207 3505 268 3549 non
290 3487 389 3548 solum
413 3483 454 3544 ad
477 3499 547 3544 eam
570 3489 640 3544 erat
659 3482 906 3562 comparandum
931 3482 1119 3546 frumentum
1141 3485 1313 3565 praelecto

206 3609 370 3665 arrnonae,
405 3586 464 3650 sed
488 3586 572 3648 omni
594 3604 656 3666 ope
678 3597 711 3648 et
730 3588 853 3648 ratione
877 3586 910 3648 ld
931 3587 1109 3669 agendum,
1147 3598 1182 3653 ut
1202 3609 1314 3654 omnes

206 3700 297 3762 cives
328 3693 452 3758 modica
481 3699 644 3756 uterentur
666 3709 804 3755 annona.
848 3694 956 3775 Atque
981 3693 1077 3757 etiam
1100 3695 1189 3778 ipsos
1210 3697 1315 3782 impe·

210 3837 508 3857 -ι-ιῌ

223 3937 254 4002 1)
272 3936 368 3988 Oetav.
385 3936 466 3990 cal.
481 3937 671 3987 «Frumentum
693 3948 797 4000 quoque
819 3934 846 3985 ln
870 3933 1075 3989 difficultatibus
1084 3947 1210 3988 annonae
1226 3949 1312 4001 saepe

272 4026 410 4075 levissimo
436 4026 566 4076 interdum
584 4025 663 4076 nullo
681 4025 767 4088 pretio
786 4025 886 4075 vlrltlm
906 4028 1051 4076 admensus
1067 4032 1120 4090 est,
1138 4023 1313 4092 tesserasque
1430 4093 1445 4100 ,-

271 4117 435 4166 nommartas
451 4114 648 4178 rlupplleavlt.“
791 4116 822 4179 8)
841 4119 932 4168 ltoen.
950 4116 1145 4181 lleelrtsgesclr.
1163 4117 1186 4173 1.
1200 4131 1228 4181 p.
1246 4121 1312 4176 86⁰.

216 4207 256 4272 Β)
275 4205 422 4257 conterent
438 4205 497 4274 tl.
515 4206 578 4259 970.
596 4205 715 4270 Llpslus,
733 4204 897 4257 Admiranda
913 4205 947 4255 ll.
967 4207 1011 4259 10.

217 4299 252 4364 1)
271 4297 391 4362 urielrlng
408 4300 450 4348 ad.
469 4297 552 4349 Nottt.
570 4297 731 4362 dignitatum
748 4299 783 4351 ll.
798 4312 824 4362 p.
846 4298 908 4354 177.
924 4311 999 4365 seqq.
1016 4299 1083 4351 lleln
1102 4298 1129 4351 ln
1148 4299 1237 4363 Pauly
1253 4301 1311 4351 lle-

259 4390 501 4454 ·alencyelopa’dle
519 4391 564 4443 vt.
582 4404 608 4456 p.
625 4393 654 4442 9.
671 4403 713 4454 sq.
